3074 5198
733 588 890 651 ..50-..

333 722 503 796 Nascitur
531 723 615 796 inde
642 725 855 821 symmetria
881 724 956 807 illa,
972 724 1096 798 nimis
1123 724 1274 821 quidem
1297 731 1337 798 ut

287 848 337 920 ita
361 847 494 938 dinam
525 849 727 945 subjectiva,
768 855 880 946 atque
909 849 1019 922 rebus
1047 849 1221 947 imposita
1254 850 1338 948 plus

286 959 435 1067 quam‘a
454 973 565 1046 rebus
583 973 673 1070 ipsis
694 974 870 1070 prolaeta,
898 997 994 1070 quae,
1012 974 1111 1071 apud
1146 973 1337 1047 Platonem

286 1096 442 1191 insignis
457 1101 569 1194 atque
584 1102 745 1179 assueta,
766 1097 812 1169 ab
828 1097 1037 1179 Aristotele,
1056 1097 1126 1170 etsi
1143 1098 1335 1178 modieius,

286 1226 409 1292 tamen
426 1221 516 1294 satis
536 1221 664 1294 crebro
685 1226 901 1320 usurpatur.

334 1349 378 1418 At
399 1346 509 1429 enim,
538 1345 659 1420 nonne
683 1347 885 1445 perfeetum
912 1347 1004 1419 illud
1029 1346 1199 1419 amicitiae
1227 1347 1340 1445 speei-

288 1494 371 1542 men
392 1471 438 1542 ab
457 1471 653 1544 Aristotele
678 1472 904 1569 descriptum
929 1472 1022 1544 forte
1045 1476 1227 1568 repugnat
1255 1495 1338 1544 oum

288 1595 475 1668 tlreorett'ou
493 1598 566 1668 utto
583 1619 694 1691 quam
714 1599 788 1668 Deo
811 1596 976 1690 assignat
1002 1595 1217 1691 hominique
1238 1595 1333 1678 ideo,

288 1724 465 1814 tanquam
495 1719 605 1790 finem
631 1742 816 1791 summum
841 1720 1112 1815 assequendum
1135 1719 1341 1817 proponit?

288 1843 477 1916 Neminem
498 1843 596 1915 enim
621 1843 715 1938 fugit
734 1853 862 1932 ’ὁμοίωσιν
881 1858 920 1934 τῷ
939 1857 994 1933 θεῷ
1023 1842 1221 1939 cujuslibet
1241 1853 1340 1931 ἠθικῆς

201 1997 205 2006 ·
289 1990 481 2039 commune
521 1973 745 2066 praeceptum
786 1967 935 2048 haberi,
969 1967 1207 2062 diversasque
1241 1973 1341 2055 ἠθικὰς
1388 1995 1390 2000 ’

290 2091 412 2164 minus
433 2091 530 2164 inter
550 2116 588 2165 se
607 2092 816 2189 discrepare
843 2091 991 2163 virtutis
1007 2091 1235 2173 definitione,
1258 2113 1340 2187 quae

289 2239 435 2313 semper
451 2215 488 2287 in
504 2217 566 2288 Dei
593 2216 798 2289 imitatione
821 2216 986 2313 ponitur,
1017 2239 1128 2312 quam
1163 2214 1244 2313 ipsa
1276 2214 1340 2286 Dei

291 2345 434 2423 natura,
470 2363 489 2412 a
527 2364 600 2436 qua
627 2344 706 2413 tota
740 2339 957 2412 imitationis
989 2339 1107 2412 forma
1136 2343 1248 2435 atque
1279 2338 1340 2411 uis

291 2464 438 2561 pendat.

340 2589 466 2684 ltaque
486 2589 702 2661 Aristoteles
722 2588 767 2659 de
795 2611 901 2661 more
912 2589 1114 2685 sapientem
1136 2589 1182 2659 ad
1212 2587 1340 2682 imagi·-

291 2735 374 2783 nem
417 2712 479 2785 Dei
516 2712 572 2784 sui
614 2718 741 2798 ἀκινήτου
776 2711 950 2784 informat
979 2713 1046 2805 (l),
1090 2735 1264 2807 eumque,
1303 2715 1342 2782 ut

291 2840 418 2920 Deum,
442 2836 617 2910 solitariae
636 2835 892 2934 speculationi,
912 2836 1043 2932 suique
1061 2835 1177 2932 ipsius
1200 2835 1340 2907 notitiae

292 2961 475 3034 intentum
508 2984 587 3034 esse
617 2984 659 3032 aa
685 2960 832 3031 demum
859 2974 971 3050 θεωρεῖν
993 2959 1111 3055 jubet.
1147 2963 1215 3032 Ars
1248 2959 1340 3056 poli-

292 3085 364 3157 tioa
379 3109 488 3181 quam
511 3084 642 3156 ueteris
658 3083 951 3180 praestantiorem
980 3083 1083 3155 Plato
1107 3083 1338 3180 praedixerat,

293 3219 328 3283 et
352 3221 496 3296 βασιλικὴν
527 3223 625 3300 τέχνην
658 3208 919 3306 appellaverat,
949 3208 1150 3279 seeundum
1175 3206 1341 3279 ordinem

293 3335 391 3431 apud
428 3331 661 3406 Aristotelem
701 3331 861 3414 obtinet,
904 3355 970 3402 neo
999 3331 1075 3427 jam
1109 3355 1131 3403 a
1165 3343 1244 3424 σοφίᾳ
1277 3333 1342 3404 sed

293 3481 314 3529 a
348 3470 460 3548 φρόνηον
493 3455 669 3554 procedit.
709 3455 827 3540 Quare
858 3469 1022 3546 θεωρητικαὶ
1048 3454 1201 3528 Virtutes
1232 3468 1343 3540 ἠθικαῖς

292 3581 492 3654 virtutibus
504 3584 680 3677 praestant
693 3580 769 3674 (⁹2);
794 3585 905 3674 utque
927 3577 1053 3650 nullus
1072 3578 1110 3649 in
1130 3581 1203 3651 Deo
1222 3578 1343 3651 amiei-

293 3704 354 3778 tiae
369 3705 470 3778 locus
484 3729 563 3778 esse
577 3709 709 3802 potest,
725 3702 899 3799 qnoniam
914 3701 1015 3774 solus
1032 3725 1155 3774 secum
1175 3703 1263 3774 vivit
1277 3725 1344 3774 neu

326 3998 364 4067 (l)
388 3999 422 4053 Ὁ
434 3997 460 4050 δὲ
476 3996 552 4067 σοφὸς
561 3998 600 4050 καὶ
611 3996 655 4046 καθ
664 3992 743 4047 ἀὑτὸν
756 3995 790 4047 ὤν
807 3995 906 4048 δύναται
920 3994 1027 4062 θεωρεῖν,
1043 3997 1083 4048 καὶ
1097 3989 1149 4064 ὅσῳ
1162 3992 1191 4048 ’ἂν
1205 3995 1344 4065 caederer:

295 4090 310 4158 ᾐ
327 4087 434 4158 μᾶλλον.
450 4087 522 4152 llltlt.
537 4085 612 4149 Nic„
627 4084 686 4138 Lib.
704 4084 741 4148 X,
756 4099 815 4153 unp.
834 4083 903 4152 Vll.)

331 4176 369 4247 (l)
394 4176 502 4240 Δοκεῖῆ
530 4171 669 4245 εὐδαιμονία
703 4169 726 4224 ἐν
753 4176 781 4242 τῇ
809 4172 891 4244 σχολῇ
918 4161 988 4225 εἶναι’
1027 4166 1201 4244 ἀσχολούμεθά
1224 4171 1271 4243 γὰρ
1304 4172 1344 4225 ἴνα

295 4263 470 4337 σχολάζωμεν,
493 4265 533 4315 καὶ
556 4262 710 4332 πολεμοῦμεν
732 4259 767 4312 ἵν’
789 4257 884 4330 εἰρήνην
905 4256 1011 4331 ἄγωμεν.
1037 4261 1109 4328 (Eth.
1129 4260 1203 4324 Nic„
1223 4261 1280 4314 Lib.
1304 4261 1342 4326 X,

294 4369 353 4424 cap.
371 4353 439 4420 llll.)
