3074 5198
169 1154 171 1159 ,
268 1099 270 1103 <
323 1058 409 1145 Qum
429 1082 541 1157 supra
557 1021 730 1142 cliximos,
749 1082 792 1131 ea
808 1059 854 1130 ad
868 1057 1040 1130 amicitiae
1054 1058 1272 1155 qualitatem,
1292 1065 1331 1131 ut

276 1179 583 1282 philosophorum
617 1206 824 1256 sermonem
861 1205 1096 1280 usurpemus,
1128 1183 1327 1281 pertinent.

275 1309 378 1380 Nunc
392 1313 515 1380 autem
531 1308 576 1379 de
596 1308 790 1404 qooulz'lote
810 1306 1091 1404 disputandum.

325 1431 443 1518 Quum
470 1431 567 1503 cuim
603 1454 661 1504 res
690 1431 742 1503 ita
771 1431 980 1528 perspicere
1010 1431 1151 1528 possis,
1188 1437 1227 1503 ut
1252 1439 1330 1504 tum

276 1556 426 1652 quales,
463 1561 542 1628 tum
581 1560 730 1651 quautae
761 1555 859 1637 siut,
890 1554 1030 1652 duplici
1062 1559 1251 1658 respectu„
1276 1555 1329 1626 iu·

273 1680 421 1776 quirem
450 1679 571 1761 liceat,
595 1702 692 1752 uuuc
712 1703 794 1751 cum
811 1678 975 1751 amicitia
996 1702 1068 1751 nou
1085 1679 1194 1751 alitor
1220 1703 1329 1775 agen·

275 1804 377 1876 dum.
415 1802 517 1889 Quod
553 1803 702 1900 quidem
737 1803 989 1901 peripateticae
1019 1802 1153 1876 rationi
1188 1804 1332 1909 potissi·
1388 1879 1391 1883 ,

276 1928 569 2024 mumquadmt.

311 2054 518 2128 ,Videamus
539 2053 652 2148 igitur
672 2077 752 2151 quae
772 2053 834 2136 sit,
855 2058 895 2125 ut
917 2050 967 2125 it'a
997 2053 1130 2137 dicam,
1160 2053 1331 2126 amicitiae

193 2180 201 2206 '
239 2278 241 2284 s
274 2201 431 2260 summo,
462 2201 572 2273 quam
599 2178 740 2277 amicus
769 2178 863 2250 alter
894 2177 1000 2250 alteri
1028 2177 1239 2275 persolvere
1267 2179 1329 2250 de-

275 2281 373 2374 beot.

326 2426 442 2512 Quam
460 2426 610 2522 quidem
631 2425 722 2499 satis
747 2425 824 2522 jam
852 2425 1039 2499 definiisse
1060 2427 1216 2499 fortasse
1236 2427 1332 2499 vide·

246 2575 359 2719 pmur
386 2574 501 2647 quum
522 2574 603 2623 eam
623 2535 875 2623 conditionem
894 2551 1100 2648 posuimus,
1129 2552 1329 2625 amicitiam

239 2667 247 2688 ²
273 2675 445 2748 videlicet
461 2683 630 2769 mutuam
644 2699 724 2747 esse
743 2675 890 2749 dehere.
911 2675 1100 2761 Quomodo
1124 2676 1222 2750 euim
1247 2699 1331 2748 cum

275 2799 393 2872 amieo
413 2805 478 2873 tuo
499 2804 628 2871 mutua
650 2800 802 2872 caritate
823 2800 1009 2894 obligatus
1025 2801 1109 2896 jure
1137 2824 1179 2873 ac
1199 2800 1331 2872 morito

274 2922 345 2995 dici
367 2947 507 3021 posses,
531 2923 602 2996 uisi
619 2929 801 3020 quantum
821 2934 857 2996 te
877 2924 952 3003 ille,
980 2930 1125 2997 tautum
1152 2932 1192 2998 tu
1226 2924 1330 2996 illum

275 3048 485 3121 redamares
500 3053 517 3119 ἓ)
535 3050 607 3120 Aut
621 3072 733 3146 quem
754 3071 931 3133 amorem,
957 3073 1029 3122 uou
1050 3048 1144 3122 falso
1167 3049 1328 3132 uomiue,

274 3171 504 3270 reciprocum
536 3172 762 3253 vocabimus,
787 3173 858 3245 uisi
892 3197 976 3245 eum
1004 3174 1068 3269 qui
1095 3174 1141 3245 ab
1176 3179 1332 3269 utroque

275 3319 342 3394 par
357 3295 637 3393 proficiscetur?

323 3421 493 3493 Attamen
526 3420 634 3514 louge
661 3419 734 3491 alia
764 3443 868 3492 meus
895 3426 951 3493 est
979 3421 1167 3494 Aristoteli
1189 3444 1196 3494 :
1220 3396 1329 3517 quam

264 3536 427 3641 'paulum
449 3543 556 3617 uobis
576 3543 684 3615 liceat
707 3543 891 3640 explicere
912 3568 986 3640 quo
1008 3544 1157 3643 planius
1177 3545 1329 3641 liqueat.

246 3765 248 3768 y
326 3668 472 3743 Scilicet
505 3671 632 3740 noster
668 3666 916 3765 philosophus
954 3669 1150 3766 profitetur
1187 3669 1332 3742 nullum

206 3775 245 3818 Ν
273 3797 376 3872 aliud
399 3791 570 3867 amicitiae
592 3790 816 3889 principium
838 3816 920 3865 esse
936 3816 1047 3888 quam
1062 3805 1111 3880 τὴν
1131 3802 1243 3881 ἰσότητα
1264 3795 1315 3890 (l)

273 3946 341 3994 uec
361 3919 478 3992 ullum
495 3915 632 3988 autoris
659 3938 788 4010 genus,
809 3916 951 3990 bonove
975 3924 1039 3989 aut
1058 3920 1250 3991 commodo
1270 3928 1333 3990 aut

267 4044 433 4144 jucundo
452 4040 710 4128 constitutum,
735 4039 950 4136 aequalitate
973 4041 1037 4114 illa
1058 4065 1182 4115 carere
1209 4065 1330 4140 posse.

307 4267 344 4335 (l)
360 4265 442 4320 Ὅταν
464 4263 511 4334 γὰρ
533 4281 579 4314 κατ
586 4256 661 4322 ’ἀξίαν
683 4263 697 4328 ἡ
727 4262 822 4331 φίλησις
839 4263 962 4333 γίγνηται,
982 4262 1036 4316 τότε
1050 4264 1157 4334 γίγνεταί
1170 4283 1222 4324 πως
1235 4260 1331 4332 ἰσότης,

271 4354 327 4423 ὃδὴ
345 4360 387 4422 τῆς
400 4353 480 4424 φιλίας
495 4342 556 4405 εἶναι
571 4352 646 4403 δοκεῖ.
669 4350 746 4420 (ml.
763 4349 792 4405 Ν
795 4350 841 4415 ic,
856 4351 914 4404 Lib.
931 4352 1000 4418 llll,
1017 4369 1075 4424 cup.
1095 4353 1150 4418 l'll,
1164 4353 1181 4405 l.
1199 4352 1256 4424 34)
