3074 5198
673 583 833 645 ...49-

229 720 351 788 tamen
384 715 570 800 animalis,
593 717 735 814 aliquid
755 718 902 816 plantas,
926 716 1067 813 aliquid
1094 715 1276 790 inanimo-

227 863 308 914 rum
339 840 376 912 in
405 864 444 915 se
469 840 661 934 continet3
697 847 738 915 ut
770 842 877 924 ratio,
914 865 996 938 quae
1029 841 1159 915 melior
1192 865 1278 940 pars

227 963 342 1038 animi
358 969 427 1048 est,
446 969 588 1038 motum
608 970 645 1038 et
663 965 777 1039 vitam
791 972 828 1039 et
844 989 993 1039 sensnm
1009 965 1047 1037 in
1063 970 1197 1039 natura
1212 989 1279 1039 sua

228 1088 467 1188 amplectitur
506 1093 619 1187 atque
662 1091 721 1164 his
755 1091 941 1189 propriam
982 1091 1181 1187 quamdam
1221 1090 1277 1163 sui

229 1218 400 1286 naturam
437 1213 665 1311 superaddit,
701 1215 752 1287 ita
785 1213 947 1313 perlecta
981 1212 1156 1297 amicitia,
1196 1237 1279 1310 quae

229 1336 452 1435 principium
481 1344 592 1434 atque
618 1337 799 1433 originem
825 1362 847 1411 a
875 1338 971 1411 bono
985 1336 1100 1420 ducit,
1124 1338 1161 1408 in
1183 1360 1222 1410 se
1242 1342 1279 1409 et

230 1459 428 1533 utilitatem
457 1465 493 1534 et
523 1460 749 1561 voluptatem
766 1467 803 1535 et
822 1465 942 1535 cetera
961 1460 1278 1534 necessitudinum

228 1609 364 1680 genera
381 1586 565 1658 contrahit
580 1587 716 1659 nedum
737 1586 907 1674 excludat
926 1590 1038 1684 atque
1059 1585 1226 1682 repellat.

277 1711 349 1784 Nec
368 1710 459 1784 satis
488 1715 544 1783 est
573 1711 834 1785 continuitatem
867 1710 969 1783 illam
990 1709 1278 1807 deprehendisse

229 1858 313 1931 quae
342 1834 411 1906 toti
444 1833 651 1907 Aristotelis
683 1834 941 1933 metaphysica
969 1833 1175 1908 communis
1195 1837 1276 1925 est3

229 1958 336 2032 nohis
362 1963 539 2056 praeterea
558 1957 666 2031 liceat
694 1959 892 2056 quamdam
914 1959 1122 2054 symmetria
1153 1981 1279 2049 curam

227 2082 534 2166 animadvertere,
568 2105 668 2155 nunc
703 2082 867 2180 probatae
904 2086 1015 2178 atque
1048 2082 1120 2180 ipsi
1151 2104 1278 2155 rerum

229 2207 451 2304 symmetriae
462 2206 733 2305 respondentis,
752 2230 851 2280 nunc
865 2211 988 2280 autern
1005 2229 1078 2280 non
1099 2206 1151 2279 ita
1167 2205 1281 2278 mani·

229 2331 332 2415 festae
351 2335 387 2404 et
418 2330 756 2433 nimisartificiose
781 2334 979 2429 conceptae.
1014 2330 1170 2404 Prorsus
1198 2353 1280 2403 con-

229 2455 417 2529 troversia
455 2454 556 2528 locus
589 2460 646 2527 est
678 2479 793 2551 quum
828 2459 953 2529 noster
983 2455 1157 2552 furnilium
1186 2455 1279 2527 adeo

228 2579 429 2677 reipublice
466 2578 625 2652 similem
658 2602 738 2652 esse
772 2580 968 2678 profitetur
999 2584 1040 2652 ut
1080 2577 1279 2676 conjugum

231 2702 520 2777 necessitudines
553 2703 781 2786 timocratiae,
818 2704 973 2776 fratrum
1004 2712 1127 2776 autern
1161 2703 1282 2776 demo·

230 2827 353 2901 cratiae
375 2827 518 2923 legibus
540 2827 617 2923 regi
639 2851 682 2900 ac
700 2827 897 2925 temperari
923 2827 1133 2900 contendat.
1164 2825 1279 2911 Quam

231 2951 480 3050 symmetriam
516 2951 638 3024 minus
672 2951 902 3034 mirabimur,
938 2974 1052 3048 quum
1087 2949 1279 3024 nobiscum

232 3075 525 3175 reputaverimus
545 3099 625 3150 eam
657 3075 794 3172 ingenii
821 3075 927 3170 graeci
966 3098 1046 3148 esse
1075 3075 1276 3173 propriam.

231 3202 336 3301 Apud
356 3200 602 3284 Aristotelem,
634 3201 733 3273 haud
758 3224 862 3273 secus
878 3224 920 3274 ac
947 3199 1046 3298 apud
1073 3199 1277 3282 Platonem,

231 3327 472 3423 arsquaedam
491 3320 691 3420 aliquando
715 3347 798 3397 cum
822 3325 966 3399 scientio
999 3324 1174 3397 miscetur
1193 3325 1246 3418 (l)
1270 3346 1278 3398 :

232 3474 306 3548 quo
326 3452 367 3522 fit
388 3455 429 3523 ut
454 3473 529 3522 non
553 3448 673 3522 solum
701 3449 907 3532 veritatem,
938 3449 1002 3522 sed
1028 3447 1140 3524 etiam
1160 3447 1278 3520 conci-

233 3575 414 3649 nentiam.
444 3582 556 3672 atque
602 3574 916 3672 pulchritudinem
966 3573 1113 3670 assequi
1157 3577 1282 3646 noster

233 3700 368 3800 sepius
389 3698 584 3773 curaverit.
603 3698 730 3795 ltaque
749 3722 823 3771 non
840 3698 953 3771 semel
969 3698 1146 3772 escientin
1165 3720 1282 3770 exces-
1362 3705 1365 3717 “

233 3827 400 3923 sitque
430 3848 501 3909 res,
524 3823 653 3922 quales
679 3823 767 3906 sint,
801 3823 1010 3922 perspicere
1034 3822 1124 3896 satis
1154 3822 1278 3906 habet,

233 3957 345 4049 atque
365 3972 483 4047 usque
498 3948 545 4021 ad
559 3959 669 4022 artem
694 3947 870 4041 attigerit,
898 3970 1056 4044 quaeres
1076 3946 1204 4043 quales
1220 3969 1281 4018 eas

234 4097 315 4148 esse
336 4072 459 4155 vellet,
482 4071 641 4170 concipit
658 4076 770 4168 atque
786 4075 939 4144 recreat.

270 4257 310 4330 (l)
332 4258 372 4313 Dc
395 4263 471 4328 port,
498 4255 595 4322 onim„
622 4254 682 4311 Lib.
704 4255 738 4323 ll,
757 4271 819 4327 cap.
839 4256 921 4322 Xll⁷;
951 4255 1009 4310 Lib,
1031 4256 1077 4323 lll,
1097 4271 1156 4326 cap.
1179 4255 1224 4310 Vll
1245 4255 1282 4325 (τὰ

234 4351 336 4423 superori
348 4344 441 4420 χάριν).

1059 4449 1076 4504 l
