3074 5198
681 592 839 654 ⁶35..

229 730 400 799 uonstare
415 725 538 809 debet,
557 749 595 797 in
615 749 658 798 ea
678 732 782 824 parte
798 725 914 799 nostri
931 725 1002 798 sita
1018 725 1088 799 erit
1103 749 1187 822 quae
1201 750 1284 798 eum

231 845 311 947 ipsa
344 849 509 923 amicitia
546 849 829 923 similitudinem
863 849 987 923 habet.
1021 851 1133 923 Porro
1163 851 1286 924 studia

230 977 357 1046 nostra
377 979 582 1057 mutantur,
605 975 805 1047 fleetuntur
825 974 861 1046 in
883 974 1069 1047 diversum
1089 974 1284 1048 ratiocina-

229 1097 362 1182 tiones,
407 1100 528 1171 fluuut
561 1099 715 1183 notitiae,
752 1105 961 1198 repugnant
993 1099 1210 1198 opiniones;
1243 1123 1286 1173 ea
1342 1085 1344 1089 ⁵

229 1223 379 1318 quidem
401 1223 439 1296 in
459 1224 566 1297 nohis
586 1229 687 1323 sunt,
713 1230 750 1296 at
773 1247 841 1297 nos
866 1248 940 1298 non
960 1248 1089 1298 sumus
1114 1225 1152 1297 in
1184 1224 1258 1298 illis
1277 1247 1285 1316 ;

229 1354 317 1420 sunt
349 1372 435 1446 pars
464 1348 577 1420 enimi
605 1350 737 1435 nostri,
766 1373 841 1422 non
870 1355 993 1422 autem
1015 1349 1093 1448 ipse
1113 1349 1282 1439 unimus3

229 1496 350 1570 neque
371 1473 454 1546 ideo
475 1473 594 1546 locum
616 1473 787 1546 stabilem
802 1473 974 1547 amicitiae
993 1473 1178 1548 diuturnae
1198 1498 1286 1572 prae-
1310 1456 1311 1460 ¹

229 1594 316 1669 bero
333 1606 505 1695 possunt.

278 1721 411 1794 Parum
433 1721 547 1817 igitur
572 1722 685 1794 refert
709 1722 895 1795 dissidant
919 1721 1197 1818 intelligentiam
1227 1728 1284 1796 set
1301 1685 1333 1854 i
1357 1717 1359 1722 ’

228 1855 285 1918 est
299 1846 776 1938 consentiantvoluntates;
797 1871 881 1919 nam
902 1848 1023 1920 omnis
1042 1847 1214 1920 amicitiae
1231 1848 1283 1920 vis
1319 1856 1341 2018 X

229 1987 302 2042 non
320 1971 357 2042 in
374 1970 599 2065 cogitatione
618 1971 683 2043 sed
698 1970 736 2042 in
757 1971 900 2044 actione
921 1977 990 2044 est.

277 2093 355 2179 Qua
374 2100 498 2167 autem
516 2097 553 2168 in
568 2095 682 2167 animi
703 2101 821 2193 parte,
843 2096 1009 2168 ortionem
1036 2096 1137 2168 illam
1160 2095 1306 2193 quali-ai

227 2221 302 2316 tate
322 2217 501 2317 optimam
522 2243 565 2292 ae
585 2220 795 2316 quantitate
815 2220 1013 2291 maximam
1039 2220 1279 2318 reperiemus,

228 2341 299 2414 nisi
320 2341 357 2414 in
378 2342 534 2425 ratione,
558 2343 672 2447 idest
698 2343 735 2414 in
768 2367 810 2416 ea
842 2343 1016 2415 facultate
1050 2368 1195 2418 summa
1223 2346 1281 2418 eoi

229 2465 324 2538 idem
347 2471 403 2539 est
427 2470 463 2539 et
492 2467 652 2561 cogitare
675 2473 711 2540 et
738 2491 846 2561 agere
861 2473 878 2538 ⁶?
895 2469 959 2540 Est
984 2468 1081 2540 enim
1108 2469 1282 2562 cogitatio

228 2591 394 2687 quaedam
420 2591 601 2663 excellens
625 2615 666 2663 ao
688 2591 745 2663 sui
768 2591 926 2686 generis,
952 2615 1035 2688 quae
1058 2616 1132 2665 non
1161 2594 1283 2692 solum¹
1312 2594 1332 2766 l

227 2715 472 2815 adoriendum
495 2715 559 2788 sed
590 2714 699 2787 etiam
732 2715 778 2787 ad
806 2715 923 2813 ipsam
952 2717 1114 2790 uirtutem
1139 2723 1280 2815 spectat
1309 2766 1316 2791 ‚

227 2845 339 2935 atque
371 2863 438 2912 nos
466 2840 550 2937 plus
583 2862 695 2936 quam
716 2837 847 2925 doctor,
876 2839 912 2911 id
942 2846 999 2912 est
1033 2839 1134 2913 burrus
1152 2841 1275 2915 efficit.
1306 2791 1315 2945 i

228 2963 311 3036 Haec
325 2967 380 3036 est
392 2987 476 3059 quae
492 2963 571 3037 sola
583 2963 748 3036 amioum
759 2963 877 3036 amieo
893 2963 1044 3036 omnino
1055 2965 1280 3063 persimilem
1301 2950 1310 3100 i

227 3087 367 3161 efficere
393 3087 525 3170 valeat,
555 3093 591 3160 et
618 3087 919 3174 communitatem
945 3087 1046 3160 illam
1071 3062 1310 3189 permutauit

227 3215 339 3309 atque
358 3218 568 3310 'perennem
599 3211 793 3285 instituere
814 3212 894 3285 siue
921 3235 994 3308 qua
1013 3237 1099 3286 vera
1113 3215 1280 3287 amicitia
1307 3192 1313 3217 ἒ

227 3359 347 3432 neque
367 3316 532 3408 inchoari
554 3329 674 3432 neque
695 3336 805 3409 etiam
827 3336 1025 3431 excogitari
1046 3338 1176 3435 possit.

276 3460 403 3556 ltaque
423 3482 539 3555 quum
559 3460 652 3534 alter
669 3485 712 3532 ex
731 3459 859 3534 amieis
879 3462 923 3533 de
944 3461 1080 3535 tinibus
1100 3463 1280 3538 bonorum

227 3588 264 3655 et
280 3583 461 3658 malorum
476 3607 560 3657 oum
579 3584 696 3657 altero
716 3584 902 3667 dissentit,
927 3585 963 3657 id
983 3590 1039 3658 est
1055 3611 1170 3683 quum
1190 3588 1278 3662 alie-

228 3731 295 3782 nos
316 3731 448 3781 sensus
468 3708 615 3780 induxit
635 3713 747 3804 atque
767 3709 987 3781 deteriorem
1011 3711 1200 3807 professus
1225 3721 1282 3786 est

227 3832 450 3916 doetrinam;
467 3856 550 3928 quae
563 3856 637 3904 non
654 3833 774 3905 solum
788 3834 897 3929 foleus
910 3835 1052 3907 notitior
1068 3835 1105 3906 in
1123 3843 1282 3908 mentem

228 3956 416 4039 inducere,
439 3957 503 4030 sed
540 3955 657 4054 ipsam
678 3956 802 4049 oprudi
825 3958 995 4032 rationem
1010 3964 1217 4055 pervertere
1243 3985 1286 4034 ao

228 4080 429 4179 depravere
442 4080 576 4163 valeat,
599 4085 678 4153 tum
699 4079 817 4152 effluit
832 4080 913 4178 ipsa
928 4104 1106 4179 persona;
1128 4106 1287 4158 commu

228 4208 330 4278 tatur
346 4204 456 4278 homo
476 4205 573 4303 ipse3
595 4228 618 4277 a
637 4227 676 4278 se
695 4204 840 4277 alienus
859 4206 900 4277 sit
917 4227 925 4296 3
949 4228 1023 4278 non
1049 4205 1125 4302 jam
1146 4209 1287 4282 amicus

230 4336 316 4403 tuus
327 4337 394 4413 est,
415 4329 478 4402 sed
495 4327 589 4402 alins
606 4328 770 4426 quidam,
791 4328 931 4401 advena
947 4329 1053 4426 quasi
1066 4337 1176 4427 atque
1191 4318 1293 4429 igno-⁵
