3074 5198
679 586 836 649 ...31-

132 791 137 800 ,
232 720 324 795 ficiis
350 720 595 820 superaverit,
619 725 794 818 quoniam
824 722 860 795 id
895 730 1026 821 sponte
1046 748 1088 798 ac
1116 723 1287 811 libenter,

230 870 350 944 neque
379 847 507 944 jussus
541 869 662 942 neque
699 851 848 920 coactus
882 847 1032 940 secerit3
1070 873 1190 946 neque
1226 851 1289 947 qui

231 971 481 1045 munificentia
508 971 554 1044 ab
581 955 835 1045 alte1²0fuerit
867 978 1077 1072 superatne,
1108 975 1290 1070 quianon

230 1098 433 1170 humanum
462 1096 706 1170 est-invidere
733 1098 786 1170 eis
816 1098 879 1196 qni
900 1099 1019 1172 efficia
1038 1099 1145 1173 nobis
1161 1106 1289 1174 eentu-

228 1221 352 1294 ierint.

280 1348 329 1419 Ne
352 1347 389 1419 in
410 1346 585 1420 amicitiis
613 1346 938 1448 quidemprepter
958 1349 1183 1448 voluptatem
1203 1375 1288 1424 eon-

227 1469 363 1544 ciliatis
390 1471 589 1544 admodum
617 1494 714 1570 saepe
742 1473 903 1568 querelae
927 1473 1111 1563 criuntur.
1139 1475 1289 1549 Sedales

228 1596 326 1668 enim
359 1596 424 1692 qui
445 1596 538 1668 nihil
559 1597 661 1669 aliud
682 1621 793 1694 quam
819 1597 1133 1673 oblectamentum
1153 1605 1190 1673 et
1209 1624 1288 1674 mu·

227 1727 329 1794 tuam
357 1721 683 1795 delectationema
717 1709 892 1827 sedalieie
926 1731 1117 1822 expetent,
1156 1725 1218 1798 uni
1247 1749 1290 1798 ex

228 1846 309 1943 ipsa
338 1841 606 1920 consuetudine
632 1848 800 1954 taedium,
838 1871 857 1919 c
896 1848 1070 1922 societate
1100 1849 1288 1923 fastidium

226 1971 413 2067 quoddam
441 1971 686 2069 perceperint,
718 1995 792 2044 non
826 1971 939 2046 stulte
977 1973 1287 2059 criminabuntur,

228 2095 292 2168 sed
321 2095 457 2168 rectius
480 2094 653 2167 amicitie
673 2100 820 2192 pactum
850 2084 1026 2168 diriment
1052 2101 1165 2195 etque
1196 2097 1291 2172 alter

227 2219 273 2292 ab
287 2219 404 2292 altere
420 2220 597 2294 discedet.

276 2348 321 2416 At
349 2344 446 2415 inter
473 2344 619 2418 sedales
639 2344 704 2442 qui
725 2344 951 2428 societatem,
971 2345 1143 2419 utilitatis
1162 2370 1285 2427 eausa,

180 2480 202 2490 ”
227 2469 427 2552 iniverunt,
454 2469 581 2541 multae
601 2475 688 2542 sunt
703 2492 823 2542 causae
839 2493 904 2541 eur
924 2468 1176 2544 dissensiones
1193 2471 1287 2546 exis·

227 2599 320 2676 tant,
361 2592 537 2689 queniam
582 2594 750 2667 hemines
786 2593 964 2667 beneficia
1002 2619 1085 2691 quae
1120 2596 1290 2669 dederint

228 2717 379 2814 majore,
406 2742 489 2815 quae
524 2742 610 2791 vere
639 2720 848 2815 acceperint
886 2719 1029 2792 minora
1066 2720 1187 2818 pretio
1224 2744 1291 2795 suo
1325 2715 1328 2722 ’

227 2842 439 2916 existimare
456 2842 592 2916 solent.

275 2966 444 3040 Ceterum
484 2972 523 3039 ut
555 2967 629 3040 duc
657 2965 813 3063 justitiae
842 2991 977 3062 genere
1010 2968 1287 3056 constituimus

225 3093 408 3189 justitiam
436 3091 576 3165 scilicet
601 3091 781 3174 ricoralem,
809 3115 852 3164 ac
876 3091 1062 3188 justitiam
1081 3092 1286 3189 dydimam,

228 3218 375 3315 duoque
391 3214 565 3314 jura-jus
588 3217 763 3298 craterem,
785 3240 828 3289 ac
840 3215 902 3313 jus
916 3218 1108 3315 scriptam·
1130 3218 1194 3302 ita,
1217 3219 1290 3294 duc

228 3341 398 3415 amicitiae
413 3365 548 3443 genera
562 3341 822 3414 constituenda
838 3345 938 3423 sunt,
957 3365 1114 3439 quorum
1132 3343 1289 3417 alterum

227 3451 377 3550 noram
394 3466 552 3539 alterum
574 3467 766 3557 lecitimcm
792 3465 1007 3539 vocabimus
1028 3475 1124 3560 (φίλια
1141 3478 1222 3555 ἠθικὴ
1243 3478 1291 3541 καὶ

226 3601 346 3688 νομικὴ)
366 3593 433 3687 (t).
460 3592 511 3663 Ex
538 3591 711 3664 amicitiis
740 3614 814 3663 una
838 3591 874 3663 in
900 3590 1066 3664 moribus
1087 3591 1206 3688 posita
1235 3597 1291 3666 est

228 3717 346 3790 altera
366 3716 404 3788 in
422 3715 578 3811 legibus.

275 3819 521 3941 Amicitiam
568 3839 711 3934 legibus
748 3839 870 3937 posita
903 3843 960 3912 cst
991 3845 1103 3938 atque
1133 3841 1290 3935 lecitimc

229 3965 378 4054 dieitur,
397 3988 512 4062 quum
528 3963 622 4037 alter
635 3987 678 4036 ex
696 3964 895 4061 pectoribus
912 3965 1117 4038 mercedem
1135 3968 1286 4049 ecrtam,

234 4094 335 4162 certe
360 4089 432 4172 die,
466 4089 572 4161 alteri
601 4111 640 4161 se
662 4087 914 4186 praestiturum
935 4087 1142 4186 pollicetur.
1165 4089 1289 4185 Neque

267 4365 305 4437 (i)
323 4363 386 4421 Em.
404 4362 479 4432 nic,
494 4362 552 4418 Lib.
572 4361 803 4435 i'111,cnp.xltl.
