3074 5198
680 594 837 664 ..411-

230 732 334 815 tiam,
358 735 482 819 fidem,
500 735 722 828 amicitiam;
741 737 794 810 ita
809 741 850 809 ut
865 759 908 810 eo
923 733 1060 808 amoris
1080 734 1138 807 sui
1153 757 1285 829 genere

230 859 386 933 virtutes
411 860 561 934 alantur
584 865 622 934 et
642 860 847 943 foveantur,
875 882 991 957 quum
1017 861 1146 931 contra
1169 858 1285 931 altero

230 982 405 1080 fugentur
424 991 538 1082 atque
569 985 814 1059 obsolescunt.

278 1109 403 1206 Neque
433 1109 551 1183 solnm
582 1109 628 1193 ei,
658 1110 695 1181 in
735 1132 809 1207 quo
829 1115 898 1192 est,
931 1110 995 1182 sed
1022 1109 1134 1182 etiam
1154 1109 1285 1182 ceteris

231 1232 443 1306 homiuibus
472 1235 622 1332 prodest
646 1234 809 1332 optimus
830 1233 893 1306 ille
915 1233 973 1306 sui
993 1257 1109 1306 amor.
1140 1234 1286 1306 Bou-itus

230 1357 329 1430 enim
345 1382 418 1431 non
442 1358 477 1430 in
497 1382 663 1457 personae
683 1359 820 1431 sinibus
844 1358 1065 1448 includitnr3
1093 1381 1132 1430 se
1160 1362 1283 1430 autem

230 1483 438 1581 expandere
472 1489 558 1556 nata
591 1490 660 1556 est.
694 1485 781 1556 Esse
813 1483 947 1567 tortora,
978 1481 1068 1580 quid
1097 1480 1199 1555 aliud
1229 1486 1286 1555 est

229 1630 342 1704 quam
370 1605 452 1680 beno
471 1612 597 1699 ripere?
615 1608 704 1680 Inde
725 1608 766 1679 fic
784 1612 822 1680 ut
838 1606 959 1680 omnis
980 1603 1113 1679 bouitas
1128 1605 1165 1677 in
1187 1605 1285 1678 berre·

228 1731 426 1815 caleartium,
442 1732 562 1804 omnis
573 1731 806 1806 benevolentia
820 1731 858 1803 in
871 1729 1285 1826 berzefieoutiomneeesse

228 1859 404 1928 vertatur.
433 1855 563 1941 Quare,
585 1855 680 1929 sicut
704 1878 768 1940 cog
791 1855 976 1929 humanus
995 1878 1041 1928 eu
1062 1853 1177 1929 divini
1207 1878 1286 1953 par·
1339 1836 1342 1842 ¹
1367 1936 1369 1947 Ι

228 1978 345 2078 ticeps
359 1983 428 2063 est,
441 1979 492 2053 ita
503 1980 615 2053 ceteri
629 1979 797 2052 homiues
811 1979 847 2053 iu
862 1981 971 2055 unius
981 1981 1129 2055 virtutis
1142 1983 1284 2079 partem

228 2104 355 2177 venire
377 2104 560 2181 videntur.

276 2230 405 2328 Itaque
417 2231 614 2304 naturavis
625 2236 736 2327 atque
752 2253 886 2303 munus
899 2230 1117 2303 amicitiaein
1132 2229 1283 2327 hujusce

227 2355 325 2429 modi
341 2354 535 2428 sententiis
550 2354 846 2429 commodissime
861 2355 1139 2454 concipiuntur:
1162 2385 1175 2421 «
1190 2355 1285 2428 Ami·

228 2503 291 2552 cus
313 2503 416 2553 meus
431 2478 526 2553 alter
541 2502 608 2574 ego
624 2484 693 2561 est,
718 2511 730 2544 a
751 2479 821 2562 rei,
849 2511 862 2546 α
881 2479 1048 2553 Amicum
1064 2479 1164 2552 haud
1179 2502 1283 2552 secus

227 2627 269 2675 ac
288 2608 405 2676 semet
424 2602 548 2701 ipsum
567 2602 733 2698 diligere.
757 2635 770 2669 »

277 2727 458 2814 Quoniam
487 2735 612 2800 autem
639 2734 773 2801 natura
801 2729 851 2801 ita
879 2734 1132 2828 comparatum
1162 2732 1217 2802 est
1246 2732 1286 2800 nt

227 2857 394 2924 autentos
422 2851 555 2924 amatis
584 2851 789 2924 arctissime
809 2851 981 2947 conjungi
1015 2855 1205 2950 cuperent,
1233 2849 1286 2922 vi·

228 2999 310 3048 rum
323 2975 476 3058 bonum,
494 2975 550 3049 sui
566 2981 766 3057 amantem,
781 2998 905 3049 secum
919 2964 1041 3048 vivere
1054 2999 1118 3048 son
1133 2985 1285 3066 συνᾶιάγειν

224 3099 380 3196 juvabit.
422 3098 567 3172 Scilicet
599 3124 682 3196 quae
720 3100 757 3170 iu
793 3122 832 3172 se
863 3099 1037 3172 amabilia
1070 3099 1163 3181 sint,
1200 3122 1284 3172 oon-

228 3223 383 3298 scientia
401 3223 599 3322 perspiciet
618 3247 660 3296 ao
682 3229 825 3296 ratione
848 3228 1053 3322 pernoscet.
1071 3223 1117 3299 Ut
1138 3222 1286 3321 sapiens

227 3362 320 3436 νόησιν
349 3363 494 3437 νοήσεως,
522 3348 574 3421 sic
599 3347 657 3420 vir
681 3347 800 3420 bouus
820 3348 948 3420 auroris
974 3370 1136 3430 ancoratu,
1161 3352 1202 3420 nt.
1235 3347 1286 3420 ita

228 3473 362 3557 dicam,
386 3472 549 3546 habebit.

258 3599 415 3696 ,Nempe
435 3598 595 3684 eccistam,
618 3598 655 3669 id
675 3597 826 3694 quidem
847 3619 971 3695 perse
1000 3596 1122 3696 ipsum
1147 3595 1286 3670 bonnm

228 3728 311 3814 est;
335 3724 399 3796 sed
419 3724 587 3796 conscium
609 3745 677 3796 csse
702 3746 737 3795 se
758 3722 920 3810 ariste-ra,
951 3721 989 3793 id
1016 3721 1123 3817 longe
1154 3720 1285 3794 melius
1322 3738 1328 3795 ’2

230 3853 342 3945 atque
368 3847 538 3922 absolute
570 3847 766 3945 optimum.
793 3846 838 3920 Ut
868 3859 963 3933 νόησις
990 3861 1116 3934 νοήσεως
1142 3868 1287 3919 summa

229 3973 336 4055 ratio,
350 3972 402 4045 ita
412 3972 549 4046 amoris
569 3970 794 4045 conscientia
814 3993 981 4044 summos
996 3993 1113 4043 amor.
1132 3970 1285 4044 Prorsus

228 4121 324 4170 uerior
343 4097 410 4179 aui,
429 4120 544 4194 quum
565 4096 844 4178 eracliensem,
868 4094 961 4167 nihil
981 4094 1082 4168 aliud
1098 4098 1154 4168 est
1174 4118 1285 4192 quam

229 4220 453 4295 conscientia
469 4246 507 4294 se
527 4244 608 4294 esse
628 4220 780 4294 bonnm.

277 4343 458 4432 Quoniam
478 4348 603 4419 autem
620 4344 761 4419 amicus
777 4367 881 4419 mens
903 4343 996 4418 alter
1016 4367 1082 4438 ego
1109 4347 1177 4425 est,
1207 4341 1286 4439 ejus
