3074 5198
302 1093 370 1215 llll
399 1091 633 1216 lllldlllll
661 1090 804 1213 lllllll
833 1087 1202 1212 llllllllllllllll

576 1401 638 1456 (Eru.
648 1401 709 1449 Nlo,
723 1400 776 1444 Lib.
787 1400 840 1441 VIII
851 1403 875 1440 ct
884 1399 934 1450 lx.)

651 1619 859 1632 *noan-.—

275 1854 452 1927 noiolio
477 1854 653 1926 beneficia
679 1855 861 1926 litterario
883 1857 1065 1951 apparatu
1095 1851 1281 1924 celebrare

228 2003 339 2075 quam
359 1985 529 2052 naturam
552 1977 811 2077 philosophica
831 1978 974 2050 ratione
990 1975 1174 2074 explicare
1194 1975 1282 2049 faci-

229 2103 300 2176 lius
320 2109 395 2194 est;
423 2127 502 2176 eam
524 2103 605 2175 idco
621 2101 820 2200 scriptores
836 2125 978 2174 necnon
994 2105 1112 2198 poetae
1131 2099 1283 2197 amplis-

228 2227 331 2300 simis
347 2251 389 2300 ac
404 2226 608 2300 notissimis
624 2227 796 2299 laudibus
816 2226 1005 2298 illustrare
1026 2224 1140 2308 soliti,
1161 2225 1284 2296 minus

228 2358 349 2425 autern
371 2350 584 2450 philosophi
600 2351 709 2450 plane
725 2350 934 2448 perspicere
954 2349 1118 2445 aggressi
1139 2357 1238 2422 suut.

278 2476 381 2549 Plato
401 2499 546 2574 nempe,
570 2476 688 2549 souin
709 2475 873 2558 Phaedro,
897 2475 973 2548 sive
989 2473 1101 2548 etiarn
1126 2473 1163 2546 in
1186 2475 1280 2570 Lysi,

230 2602 275 2674 do
295 2625 419 2675 amoro
439 2601 563 2698 potius
583 2625 693 2697 quam
715 2601 760 2674 de
776 2600 942 2673 amicitia
953 2600 1116 2698 scripsit.

278 2725 447 2823 Epicurei
468 2725 551 2823 ipsi,
574 2726 673 2822 apud
698 2749 791 2822 quos
811 2723 987 2807 amicitia,
1007 2748 1122 2822 quum
1144 2724 1180 2795 in
1203 2725 1286 2796 doc-

231 2850 341 2930 trina,
371 2857 450 2922 tum
482 2852 518 2921 in
545 2850 621 2922 vita
641 2849 876 2947 potissimum
897 2848 1025 2932 valuit,
1050 2849 1151 2921 illam
1172 2857 1286 2927 meta.

232 2974 380 3072 physice
396 2975 626 3046 tractandam
648 2997 776 3071 parum
797 2980 1034 3046 curaverunt.

279 3100 404 3196 Neque
420 3099 581 3172 llarcum
595 3097 755 3171 Tullium
776 3098 990 3171 omittemus
1006 3096 1069 3194 qui
1087 3096 1123 3169 iu
1143 3098 1290 3193 dialogo

232 3225 277 3296 de
308 3223 478 3315 Amicitia
499 3222 612 3296 ubere
637 3222 840 3319 subtiIIque
867 3222 954 3296 stilo
978 3246 1055 3295 rem
1075 3221 1289 3296 felicissime

233 3347 494 3445 amplificavit3
527 3346 713 3420 interdum
734 3351 856 3420 autern
883 3346 1101 3420 discurrisse
1122 3347 1287 3445 disputa-

234 3471 371 3546 tionem
405 3495 538 3570 passus
566 3478 635 3555 est,
668 3471 830 3544 oratoria
856 3471 890 3543 ri
921 3477 1076 3569 raptus3
1112 3476 1176 3544 aut
1206 3496 1288 3568 qum

235 3596 351 3691 magis
378 3595 634 3693 philosophica
653 3595 863 3693 protulerit,
890 3597 967 3668 lraec
990 3620 1012 3667 a
1038 3595 1289 3693 peripateticis

235 3720 340 3794 libris
360 3721 565 3793 transtulit.

284 3845 389 3919 Solus
410 3844 507 3919 inter
527 3849 680 3928 ceteros,
702 3846 918 3920 Aristoteles
939 3846 976 3918 in
996 3860 1059 3939 περί
1078 3861 1171 3938 φιλίας
1190 3850 1288 3947 capi-

234 3969 349 4053 tibus,
371 3993 449 4042 rem
465 3969 614 4068 penitus
630 3975 808 4043 tractasse
824 3973 1054 4059 etamicitiae,
1074 3974 1286 4071 quamdam,

237 4099 276 4166 ut
297 4093 348 4166 ita
366 4093 499 4176 dicam,
523 4092 738 4192 exposuisse
757 4107 874 4186 θεωρίαν
895 4096 1054 4170 videtur.

286 4217 401 4303 Quam
431 4217 482 4291 ita
508 4217 718 4292 examinare
754 4219 791 4289 io
820 4221 1010 4318 proposito
1043 4222 1223 4297 habemus
1251 4231 1290 4297 ut

238 4341 379 4441 liqueat
394 4341 515 4442 primo
528 4366 611 4440 quae
628 4341 703 4414 siut
722 4343 819 4440 apud
836 4343 1069 4418 Aristotelem
1086 4351 1121 4419 ot
1136 4348 1239 4444 origo
1256 4354 1291 4421 ot
