3074 5198
720 575 881 634 ..31-

269 703 348 778 viro
369 730 453 780 vere
468 706 565 780 bono
580 708 769 791 annueris,
788 710 952 808 aequasi
973 711 1053 808 ipso
1070 710 1166 784 facto
1180 710 1216 783 in
1229 716 1329 784 aeter·

266 850 354 901 num
367 830 580 926 promisisse
593 832 693 905 visus
706 832 834 918 fueris,
850 857 938 906 num
948 834 1090 906 licitum
1098 823 1142 907 ¹ac
1154 835 1327 909 decorum

266 952 337 1024 erit
356 953 387 1026 si
407 954 470 1027 ille
490 979 656 1052 unquam
675 982 696 1030 a
713 962 749 1030 te
769 959 985 1032 deseratur‘.>
999 959 1137 1056 Nempe
1158 959 1195 1031 in
1208 983 1328 1057 paren·

263 1077 375 1151 nitate
393 1102 489 1152 verae
503 1081 675 1153 amicitiae
686 1086 723 1154 et
738 1081 1033 1154 conditionemet
1047 1081 1194 1175 signum
1206 1084 1327 1181 posui-

264 1225 359 1275 mus.
373 1203 936 1303 Eaenimsolatcmpussuperat
948 1204 1155 1289 acvicibus,
1173 1231 1255 1304 quae
1273 1231 1326 1281 ce-

261 1330 341 1399 tera
357 1328 549 1400 terrestria
568 1333 712 1402 mutant
727 1333 763 1401 et
779 1330 945 1412 diruunt,
958 1329 1135 1403 immunis
1151 1330 1320 1405 habetur.

313 1450 559 1536 Quamobrem
602 1453 632 1524 si
674 1454 786 1526 talem
824 1453 1023 1527 amicitiam
1058 1454 1181 1527 dirimi
1215 1480 1323 1553 posse

261 1576 520 1659 concedamus,
543 1578 728 1672 quomodo
761 1578 876 1650 illam.
895 1578 1028 1651 deiude
1061 1579 1175 1652 fuisse
1206 1604 1324 1656 veram

261 1724 474 1774 asseverare
502 1702 719 1800 poterimus,
750 1703 925 1799 quoniam
955 1727 1029 1776 non
1050 1704 1321 1801 perennitatem

260 1825 324 1899 sed
350 1827 470 1899 finem·
487 1827 684 1916 babuerit?
710 1828 746 1901 Si
774 1839 900 1901 contra
928 1827 1109 1919 amicitias
1130 1828 1321 1902 dissociari

259 1957 439 2036 vetamus,
459 1954 644 2048 quomodo
664 1977 788 2026 veram
804 1977 934 2027 rursus
953 1953 1167 2028 vocabimus
1200 1955 1322 2028 amici·

172 2172 174 2183 Ι
257 2076 347 2149 tiam
369 2100 465 2172 quae,
487 2077 639 2150 mutatis
657 2078 860 2150 amicorum
880 2077 1027 2159 animis,
1043 2077 1121 2174 jam
1142 2103 1164 2151 a
1182 2079 1320 2152 virtute

258 2200 431 2299 bonoque
452 2201 489 2273 in
514 2201 712 2274 utilitatem
737 2205 802 2274 aut
827 2201 1070 2299 voluptatem,
1104 2225 1186 2297 quae
1213 2205 1320 2276 tlnxae

194 2340 196 2348 ’
258 2331 359 2408 sunt,
383 2325 648 2399 declinaverit?
1251 2417 1253 2424 Ι

307 2448 421 2535 Quem
463 2449 600 2522 nodum
633 2455 674 2520 ut
703 2449 955 2547 expediamus,
984 2449 1114 2522 intima
1148 2450 1319 2523 amicitiae

260 2579 393 2648 natura
408 2573 664 2673 perspicienda
679 2579 748 2645 est.
829 2640 831 2643 ,

308 2700 400 2771 Vera
420 2697 583 2770 amicitia
610 2721 682 2770 non
707 2721 750 2769 ex
778 2707 910 2793 ἑμεδοξίᾳ
940 2699 1006 2771 sed
1026 2722 1069 2770 ex
1097 2712 1212 2794 ὁμονοίᾳ
1232 2723 1316 2797 pro-

260 2824 370 2897 cedit.
409 2825 451 2897 Ut
486 2823 559 2896 duo
601 2823 769 2896 homines
801 2823 932 2921 optimi
970 2825 1115 2919 generis
1154 2825 1318 2898 amicitia

260 2951 533 3032 contineantur,
569 2972 641 3021 non
670 2972 819 3022 necesse
846 2955 901 3022 est
924 2949 969 3022 dc
989 2951 1147 3034 scientio,
1179 2950 1243 3023 sed
1271 2949 1316 3022 de

261 3075 344 3148 bono
380 3080 525 3147 tanturn
557 3072 789 3146 consentiant
822 3074 890 3168 (t).
926 3075 989 3146 Est
1022 3095 1097 3161 νοῦς,
1139 3097 1212 3147 non
1247 3081 1316 3157 δέ-ξκ

261 3199 360 3296 quod
378 3197 516 3271 amicos
530 3196 617 3269 facit
629 3218 638 3287 ;
667 3197 759 3269 cotio
774 3219 848 3270 non
868 3198 996 3294 opinio.
1020 3196 1123 3283 Quod
1140 3198 1171 3271 si
1193 3203 1316 3288 aguet

262 3331 301 3398 tu
329 3323 559 3397 desiderum
585 3320 760 3404 motibus,
787 3325 852 3394 aut
873 3321 918 3394 de
945 3321 1070 3418 aliqua
1096 3322 1313 3418 quastione,

261 3473 343 3546 quae
380 3449 427 3521 ad
466 3469 589 3518 rerum
623 3449 793 3518 naturam
827 3445 1023 3543 pertineat,
1058 3445 1311 3530 dissentimus,

261 3571 505 3651 nibilominus
525 3574 663 3652 tamen,
687 3568 775 3665 quin
802 3568 951 3666 optimae
978 3568 1151 3642 amicitiae
1180 3593 1315 3643 munus

261 3697 412 3771 omnino
432 3695 678 3794 perficiamus,
704 3692 957 3790 prohibemur.

282 3883 283 3886 ,
310 3819 491 3907 Quoniam
517 3818 661 3922 duabus
690 3841 710 3890 e
742 3817 910 3915 partibus
944 3818 1136 3904 constituti
1170 3843 1311 3904 sumne,

261 3968 419 4043 quarum
444 3944 561 4017 altera
580 3945 678 4028 itura
698 3946 734 4016 et
756 3941 916 4025 mobilis,
942 3941 1059 4015 altera
1078 3966 1165 4016 vero
1184 3944 1257 4016 fixa
1278 3951 1315 4017 et

262 4070 333 4144 sibi
353 4072 527 4142 constans
547 4072 615 4150 est,
638 4090 725 4138 vera
744 4065 906 4139 amicitia
926 4090 1009 4163 quae
1028 4067 1161 4141 durare
1181 4091 1223 4140 ac
1242 4067 1312 4141 sibi

297 4351 334 4424 (t)
348 4348 411 4405 Etb.
426 4345 501 4410 Nic,
517 4343 574 4399 Lib.
592 4343 642 4410 m,
655 4359 715 4415 cap.
733 4342 776 4399 Vl.
