3074 5198
701 599 839 661 ..8-

245 733 344 815 here,
382 731 418 804 id
439 732 620 830 optimum
650 734 888 808 arbitramur.
921 736 1102 808 Praeterea
1128 740 1215 808 suut
1235 734 1297 832 qui

245 857 393 930 eosdem
413 857 511 930 viros
531 857 647 932 bonos
667 863 703 930 et
719 859 856 931 amicos
877 864 1120 956 csseputent.

295 980 381 1065 Quae
405 986 601 1079 postquam
638 983 810 1056 amicitiae
836 982 1089 1081 praedicationi
1121 984 1165 1056 de
1197 1008 1298 1056 moro

244 1107 490 1188 concesserit,
549 1106 763 1180 Aristoteles
815 1107 973 1205 primam
1035 1107 1297 1205 disputationis

244 1235 400 1327 partem,
437 1254 528 1326 quae¹
551 1231 598 1303 ad
637 1233 737 1304 varia
768 1232 939 1304 amicitias
971 1256 1105 1326 genera
1139 1237 1294 1330 spectat,

245 1354 470 1449 aggreditur.

736 1577 794 1647 lll.

178 1812 198 1923 j
293 1807 375 1878 llaec
390 1810 446 1878 ost
470 1805 641 1878 amicitiae
667 1805 859 1879 definitio:
882 1806 1005 1880 Virtus
1022 1807 1203 1904 quaedam,
1235 1813 1299 1880 aut

154 1927 182 1993 l)
243 1954 302 2003 res
318 1954 401 2002 cum
416 1929 553 2002 virtute
571 1930 767 2027 conjuncta
789 1932 855 2025 (l).

292 2055 379 2140 Quae
399 2056 536 2128 rectius
557 2056 703 2148 qrurtitio
723 2056 794 2128 dici
823 2060 945 2152 potest
963 2078 970 2128 ;
1001 2055 1058 2126 cui
1086 2079 1218 2153 nempe
1240 2057 1300 2128 ad-

245 2180 365 2252 denda
389 2186 457 2260 est,
488 2184 528 2252 ut
557 2203 642 2252 vera
667 2179 931 2261 delinitiofiat,
955 2179 1164 2252 differentia
1187 2181 1299 2277 speci·

243 2305 323 2386 fica,
356 2305 496 2377 scilicet
528 2285 679 2402 propria
708 2304 812 2408 signa
836 2304 1118 2402 *peculiaresque
1148 2304 1298 2379 habitus

241 2429 376 2524 quibus
414 2414 631 2500 amicitiaa
669 2427 834 2524 qualibet
866 2427 1025 2510 virtuto,
1057 2433 1098 2500 ut
1127 2428 1295 2525 justitia,

242 2554 298 2626 vel
314 2553 572 2651 temperantia,
596 2552 649 2625 vel
667 2553 826 2648 quadam
842 2552 916 2625 alia
930 2553 1195 2648 distinguatur.

291 2679 432 2774 ltaque,
447 2681 644 2775 postquam
655 2678 855 2749 amicitiam
878 2701 958 2751 osse
973 2677 1148 2750 virtutem
1165 2677 1298 2749 indixit

242 2802 469 2892 Aristoteles,
489 2825 618 2875 rursus
633 2802 754 2897 qualis
771 2803 820 2875 sit
839 2802 1014 2885 amicitia,
1039 2827 1103 2876 scu
1127 2827 1297 2898 quaenam

243 2926 374 3010 virtus,
398 2927 566 3024 inquirit.

292 3051 395 3137 Quod
423 3059 463 3124 ut
494 3058 727 3146 assequatur,
752 3050 913 3149 primum
941 3053 985 3123 ad
1017 3059 1142 3124 vetera
1174 3061 1300 3126 menu-

244 3182 368 3247 menta
393 3176 438 3247 do
465 3199 565 3247 more
585 3174 762 3269 confugit,
781 3175 1080 3272 doctrinasquca
1103 3177 1299 3273 superiori-

243 3300 313 3373 bus
324 3299 556 3397 philosophis
572 3299 726 3372 emissas
742 3308 900 3373 revocat.
917 3301 972 3372 lta
1000 3306 1187 3374 assuetam
1206 3303 1299 3373 hauc

243 3424 379 3516 sibiet
410 3425 482 3515 huc
509 3447 624 3520 usque
658 3424 882 3518 singularem
918 3425 1090 3497 observat
1116 3424 1296 3497 rationem

242 3573 309 3647 per
324 3573 435 3646 quam
449 3548 694 3646 philosophiae
710 3553 750 3620 ut
758 3547 809 3620 ita
822 3548 941 3620 dicam
960 3548 1153 3621 historiam
1172 3549 1297 3621 adum-

243 3673 427 3763 bravcrit;
468 3696 535 3746 nec
572 3697 610 3746 se
640 3673 675 3745 in
711 3672 876 3745 solitaria
908 3672 1148 3746 meditatione
1176 3696 1297 3746 coarc-

245 3798 349 3880 tavit,
373 3797 513 3870 alienas
542 3796 736 3893 opiniones
759 3796 947 3879 omittens,
978 3796 1042 3869 sed
1067 3802 1196 3869 contra
1215 3820 1297 3869 cum

245 3921 430 4019 prioribus
457 3920 688 4018 sapientibus
715 3920 907 3992 fecundam
933 3945 975 3993 ac
996 3920 1187 3993 liberalem
1213 3921 1296 3993 doc-

243 4046 425 4119 trinarum
460 4044 673 4118 societatem
703 4027 809 4127 iniit,
827 4069 869 4117 ac
893 4046 999 4140 quasi
1030 4045 1298 4118 mutuationem

246 4169 578 4264 intelligentiarum
611 4169 772 4242 instituit
799 4193 883 4266 quae
914 4169 1000 4242 inde
1031 4168 1148 4264 magis
1186 4173 1298 4265 atque

277 4375 314 4445 (l)
332 4349 393 4428 lior.
407 4376 453 4446 γὰρ
469 4369 542 4445 ἀρετή
557 4393 590 4432 τις
605 4376 620 4441 t,
636 4371 694 4445 μετ’
706 4368 801 4444 ἀρετῆς.
824 4373 898 4444 (Eth.
914 4372 989 4436 Nh·.,
1006 4373 1063 4426 tit).
1080 4374 1149 4442 tlh,
1165 4389 1223 4442 cup.
1240 4375 1272 4442 l.)
