3074 5198
678 598 836 658 ..⁶29-

277 732 422 804 lnterea
452 737 576 804 tamen
611 731 786 829 quaelibet
819 755 862 804 ex
905 730 962 803 his
999 729 1286 828 particularibus

226 855 467 929 societatibus
492 856 685 954 proprium
709 854 852 953 aliquid
875 855 1029 939 relinet,
1053 858 1150 929 unde
1170 881 1286 952 genus

227 981 414 1079 quoddam
431 980 617 1079 peculiare
637 981 807 1054 amicitiae
828 980 1017 1076 gignitur:
1042 981 1161 1064 itaut,
1184 986 1284 1081 post-

226 1129 338 1201 quam
369 1106 414 1177 de
445 1105 608 1178 amicitia
635 1105 691 1178 vel
724 1105 858 1202 qualis,
890 1105 947 1178 vel
977 1088 1118 1202 quanta
1145 1105 1194 1179 sit
1215 1106 1287 1178 huc

226 1253 344 1327 usque
372 1230 667 1327 quaesiverimus,
695 1235 876 1327 superest,
901 1235 941 1302 ut
962 1230 1122 1328 amplius
1142 1230 1284 1329 perspi-

225 1354 365 1442 ciamus
386 1378 586 1452 quemnam
605 1355 652 1428 ad
672 1355 783 1427 tinem
800 1359 954 1452 spectet,
966 1378 1114 1451 quaque
1127 1355 1282 1438 ratione,

225 1479 362 1574 quibus
382 1480 497 1578 copiis
514 1479 744 1575 assignatum
761 1481 872 1551 tinem
893 1479 1069 1575 consequi
1090 1480 1222 1552 valeat.

273 1590 489 1677 Aristoteles
511 1628 622 1702 porro
637 1604 708 1676 tria
733 1627 813 1676 esse
840 1604 1144 1677 administrandae
1168 1605 1287 1703 reipu-

225 1728 330 1802 blitae
342 1753 477 1825 genera
492 1734 679 1802 asseverat
699 1731 767 1823 (l),
786 1729 926 1802 scilicet
946 1753 1114 1824 regnum,
1133 1730 1287 1827 optima-

225 1862 303 1926 tum
325 1854 589 1952 principatum,
609 1858 690 1926 turn
721 1853 870 1926 demum
891 1860 1113 1951 potestatem
1134 1879 1153 1926 e
1173 1878 1285 1927 censu

225 1978 478 2060 constitutam,
499 2002 562 2052 sau
583 1979 814 2051 tinrocrutium
836 2005 848 2051 .·
868 2002 964 2074 qum,
987 1989 1101 2075 quum
1118 2002 1285 2077 pessum-

225 2102 360 2175 dantur
384 2108 495 2197 atqua
530 2102 568 2174 in
596 2102 760 2175 deterius
796 2108 897 2184 eunt,
924 2104 961 2174 in
990 2103 1062 2175 tria
1087 2127 1235 2199 genera,
1265 2127 1286 2175 a

225 2227 481 2323 superioribus
505 2233 605 2310 nata,
625 2226 872 2323 tyrannidem,
890 2221 1137 2321 oligarchiam
1160 2228 1283 2300 damo-

223 2351 451 2447 cratiamque
467 2350 666 2423 declinant.

168 2565 170 2568 Ι
276 2476 365 2549 Item
387 2476 541 2559 familia,
560 2476 735 2573 quoniam
752 2476 1017 2574 rempublicam
1040 2477 1208 2550 imitatur
1222 2501 1286 2551 sex

226 2600 377 2683 formas,
408 2624 566 2698 quarum
594 2600 675 2673 alise
695 2608 770 2672 tres
786 2600 948 2698 optimae,
968 2610 1041 2674 tres
1061 2606 1184 2675 autem
1204 2603 1286 2676 aliae

226 2723 434 2797 deterrimae
454 2724 653 2806 habentur,
678 2724 829 2797 induit:
861 2731 967 2821 pater
995 2727 1101 2821 qnasi
1122 2751 1186 2800 rex
1214 2733 1282 2810 est,

227 2849 290 2944 qui
319 2849 350 2922 si
367 2872 521 2946 pravum
542 2872 667 2943 rogem
687 2871 767 2922 sese
787 2849 1015 2945 praestiterit,
1034 2856 1213 2946 tyrannus
1229 2852 1283 2924 tit.

228 2973 331 3058 Quod
366 2973 396 3046 si
430 2974 476 3045 ad
511 2973 649 3046 nodum
687 2972 840 3072 respicis
874 2998 949 3072 quo
986 2975 1141 3048 maritus
1174 2982 1285 3073 atque

229 3122 319 3170 uxor
352 3097 450 3171 inter
482 3122 521 3171 se
555 3098 787 3193 obligantur,
824 3099 923 3172 hunc
956 3099 1187 3173 simillimum
1222 3101 1284 3174 de-

228 3223 436 3320 prehendes
455 3224 603 3312 vinculo
619 3247 693 3320 quo
709 3224 805 3298 cives
823 3225 857 3296 in
876 3224 1107 3298 aristocratia
1121 3225 1285 3298 viventes

229 3348 479 3422 eontinentur.

278 3471 365 3558 Quae
385 3472 492 3568 quasi
513 3472 718 3568 conjugalis
739 3473 971 3577 aristocratia
998 3473 1153 3547 invicem
1173 3474 1284 3549 decli·

229 3620 317 3670 nare
340 3603 460 3694 potest
479 3602 591 3692 atque
612 3598 649 3669 in
669 3597 935 3692 obligarchiam
956 3598 1114 3696 prolabi,
1138 3599 1167 3671 si
1191 3600 1285 3672 forte

231 3720 387 3794 maritus
401 3719 597 3818 imperinm
614 3744 687 3793 non
709 3745 776 3820 pro
791 3721 905 3794 animi
918 3723 1133 3816 praestantia
1143 3723 1207 3795 sed
1218 3746 1286 3820 pro

142 3899 146 3907 .
229 3843 536 3942 corporisrobora
550 3844 767 3916 exercuerit.
785 3845 938 3918 Familia
952 3847 1100 3918 demum
1121 3870 1143 3918 a
1162 3826 1284 3918 iratri-

230 3968 299 4046 bus
320 3968 472 4050 directa‚
496 3967 713 4040 timocratiae
728 3992 796 4065 par
811 3975 880 4049 est,
903 3974 1014 4066 atque
1030 3993 1144 4066 quum
1161 3969 1288 4066 depra-

232 4101 340 4166 vatur
359 4091 396 4164 in
413 4091 539 4165 omnia
554 4092 789 4165 democratiaa
805 4093 892 4166 vitia
905 4094 1035 4189 vergit.

276 4205 283 4214 ,

263 4371 300 4443 (l)
317 4371 379 4427 Eur.
397 4369 471 4435 nu,
488 4368 559 4434 Lib,
576 4368 644 4436 llll,
659 4384 708 4440 cap
735 4368 772 4422 X.
