3074 5198
679 563 838 627 ..47..

274 698 444 774 Ceterum
472 700 709 773 attendamus
727 701 905 799 'eamdem
926 697 1287 796 argumentationem

228 848 302 899 non
322 824 442 898 solum
461 836 524 917 περὶ
542 837 635 916 φιλίας
650 824 893 922 disputationi
909 825 974 898 sed
989 824 1098 897 etiam
1116 825 1288 899 omnibus

230 961 330 1038 ἠθικῆς
348 949 617 1046 quaestionibus
639 973 661 1022 a
685 954 812 1023 nostro
834 949 1058 1047 philosopho
1080 949 1286 1023 adhibitam

230 1074 366 1166 fuisse;
389 1073 529 1173 quippe
548 1065 623 1171 qui¹
637 1085 773 1166 χορηγίαν
792 1074 873 1147 nitu
889 1072 1049 1171 sapienti
1065 1073 1288 1157 concesserit

227 1204 339 1294 atquc
368 1197 623 1296 impetraverit
639 1204 679 1271 ut
711 1221 835 1271 veram
867 1181 1081 1271 felicitatem
1106 1197 1285 1295 adipisce-

227 1327 330 1395 retur
357 1324 433 1418 (l);
475 1322 631 1396 multum
669 1321 893 1395 dissentiens
926 1321 1104 1394 aSto'r'cis
1138 1321 1201 1418 qui
1232 1322 1285 1395 vi·

228 1471 308 1519 rum
333 1447 470 1550 bonum
506 1447 616 1520 etiam
638 1447 674 1519 in
703 1451 921 1545 paupertate
942 1447 998 1518 vel
1020 1446 1057 1519 in
1091 1447 1286 1520 tormentis

228 1572 379 1644 omnino
408 1572 558 1644 beatum
592 1595 673 1643 esse
706 1595 814 1668 posse
853 1570 1137 1669 profitebantur.
1158 1570 1287 1656 Quam-

227 1696 368 1778 obrem,
394 1701 434 1768 ut
470 1695 687 1768 Aristoteles
715 1696 902 1791 ¹quasdam
936 1694 1125 1768 felicitatis
1159 1695 1284 1769 condi-

227 1821 347 1893 tiones
363 1820 447 1917 jure
467 1842 508 1892 ac
528 1819 660 1892 merito
689 1819 814 1915 exigit,
849 1819 989 1893 scilicet
1022 1821 1112 1893 satis
1134 1819 1284 1916 longum

226 1944 311 2017 vitae
350 1945 525 2042 spatium,
570 1943 820 2017 valetudinem
864 1944 1040 2041 corporis,
1086 1968 1284 2038 rerumque
1379 2021 1380 2025 ,

227 2066 516 2142 necessariarum
554 2067 697 2166 copiam
724 2069 784 2154 (pia
821 2075 877 2160 γὰρ
906 2072 1026 2160 χελιδὼν
1056 2082 1106 2160 ἔαρ
1131 2079 1162 2140 ot
1193 2087 1281 2154 ποεῖ,

228 2196 292 2260 οὐδὲ
319 2201 368 2276 :nix
395 2202 517 2281 ἡμέρα·
550 2198 621 2260 οὕτω
647 2197 678 2259 δὲ
715 2197 779 2259 otte
810 2198 946 2278 μακάριον
980 2199 1027 2259 καὶ
1059 2199 1209 2276 {adalpero
1236 2223 1284 2276 pta

226 2325 319 2403 ἡμέρα
339 2320 387 2382 οῦδ
414 2316 520 2401 ’ὀλίγος
544 2317 670 2402 χρόνος),
693 2308 744 2380 ita
769 2307 941 2380 amicitiae
967 2308 1148 2381 elementa
1174 2309 1284 2381 dinu-

228 2456 376 2506 merans
404 2438 501 2505 recto
529 2433 692 2530 postulat
726 2438 766 2504 ut
801 2433 924 2504 nativa
956 2433 1116 2528 quadam
1145 2432 1283 2528 ingenii
1320 2428 1322 2432 ’

228 2556 471 2629 similitudine
503 2563 539 2628 ct
570 2556 781 2652 aequalitate
814 2556 972 2629 fortunae
1000 2557 1108 2628 amici
1138 2561 1283 2629 contra·

229 2682 376 2763 bantur,
415 2705 666 2778 numerusque
697 2680 897 2753 amicorum
936 2705 1008 2753 non
1043 2681 1093 2753 ita
1129 2703 1284 2776 magnus

228 2805 358 2877 evadat
378 2804 441 2901 (⁰2).

276 2928 376 3001 Adde
397 2927 454 3001 his
475 2928 754 3026 peripateticam
770 2926 970 3023 amicitiam
1005 2951 1088 3000 cum
1108 2929 1285 3002 doctrinm

229 3076 373 3124 summa
389 3052 523 3124 mirum
544 3053 581 3124 in
603 3052 752 3125 modum
787 3051 980 3124 concinere
1009 3053 1098 3149 quia
1127 3052 1284 3149 insignis

230 3177 463 3274 potissimum
486 3177 629 3250 videtur
647 3177 874 3250 continuitate
906 3176 983 3258 illa,
1023 3200 1105 3272 quae
1135 3177 1285 3275 propria

230 3308 285 3374 est
300 3302 522 3375 Aristotelis

277 3425 350 3522 lpsi
389 3425 486 3497 enim
526 3425 649 3498 animo
689 3437 767 3516 φιλία
803 3425 993 3499 simillima
1031 3434 1099 3498 est.
1141 3426 1284 3499 Placuit

230 3572 361 3647 nempe
380 3549 567 3622 Aristoteli
587 3556 663 3623 tres
685 3550 879 3623 facultates
899 3549 1023 3623 animo
1052 3549 1280 3635 attribuisse,

230 3673 369 3756 scilicet
382 3688 457 3765 φύσιν
478 3698 542 3747 seu
563 3679 733 3747 naturam
755 3697 946 3772 perquam
963 3673 1051 3757 vita,
1067 3673 1124 3747 vel
1141 3674 1280 3758 infima,

228 3798 412 3891 aleretur;
438 3822 554 3872 sensus
576 3798 708 3870 deinde
736 3821 908 3894 perquos
934 3820 993 3870 res
1018 3804 1178 3871 externae
1200 3823 1282 3896 per·

263 4063 302 4136 (sl)
318 4063 444 4122 Αδυνᾶτον
459 4064 505 4138 γάρ
520 4065 534 4135 ἦ
551 4063 578 4119 οὗ
595 4068 678 4138 ῥᾴδιον
691 4066 721 4119 τὶ
735 4065 799 4119 καλὰ
814 4064 927 4137 πράττειν
942 4059 1100 4138 ἀχορήγητον
1116 4059 1184 4120 ὅντα.

264 4155 327 4210 Ellt.
350 4155 425 4221 Nic,
439 4156 468 4209 L.
482 4156 504 4221 l,
520 4172 579 4226 cap.
598 4156 629 4210 Υ.
641 4156 703 4210 Ett.
725 4154 800 4218 Nic,
819 4153 847 4207 L.
868 4154 890 4219 l,
911 4170 970 4224 cap.
991 4155 1039 4208 lx.
1055 4154 1124 4218 Pol,
1142 4155 1202 4209 Lib.
1224 4153 1281 4223 Vll,

229 4259 288 4314 cap.
305 4244 379 4300 Xlll.

266 4332 303 4403 (q)
319 4329 388 4389 Oid'
401 4328 456 4386 livea
470 4331 563 4406 χρόνον
578 4331 656 4404 φίλος.
674 4333 754 4388 (Μῦν.
767 4332 851 4396 End,
867 4329 926 4388 Lib.
946 4331 1002 4396 l'll,
1017 4347 1076 4411 cap.
1094 4332 1140 4405 ll.)
