3074 5198
679 618 837 676 ...39-

277 749 358 822 Hacc
372 754 429 822 est
447 749 699 824 beneficentia
716 754 847 822 natura
860 753 972 845 atque
986 748 1051 821 vis.
1078 748 1281 824 Videndum

229 896 326 947 nunc
345 897 434 958 num
460 873 668 948 Aristotelis
692 874 807 947 menti
832 872 1096 970 consequentia
1129 896 1280 971 respon·

228 997 352 1071 deant.

274 1123 420 1195 Atenim
431 1113 699 1220 quemdomum
714 1129 815 1196 ornat
825 1123 880 1194 vir
893 1122 1012 1195 bonus
1023 1120 1093 1194 nisi
1107 1145 1146 1194 se
1159 1121 1279 1220 ipsum
1303 1124 1385 1196 ts

125 1243 129 1250 ’
224 1253 336 1343 atque
369 1271 499 1330 unum,
523 1248 553 1321 si
579 1248 615 1320 in
642 1248 775 1321 ceteris
811 1247 905 1319 nihil
931 1245 1090 1319 amabile
1116 1246 1279 1344 reperire

225 1371 343 1468 possit
358 1373 457 1468 quod
474 1372 632 1446 nonsibi
648 1372 880 1446 simillimum
893 1371 1011 1444 visum
1026 1371 1130 1469 prins
1145 1370 1281 1444 fuerit‘l

227 1495 414 1579 Homines,
451 1520 523 1579 res,
559 1502 691 1569 cuncta
723 1497 871 1568 demum
900 1495 956 1567 vel
989 1495 1192 1568 animantia
1222 1495 1279 1568 vel

225 1619 389 1692 inanima
423 1621 563 1693 nullam
593 1620 806 1693 retinebunt
838 1620 995 1715 gratiam
1026 1623 1160 1716 prater
1197 1643 1276 1693 eam

223 1768 334 1840 quam
350 1768 371 1817 a
388 1743 495 1818 nobis
507 1745 728 1843 acceperint.
744 1745 833 1816 Tum
847 1745 904 1817 his
915 1743 1273 1842 omnibustanquam

222 1868 384 1966 speculis
411 1869 563 1951 utimur,
591 1868 727 1966 quibus
753 1868 961 1941 arridemus
992 1867 1163 1950 libenter,
1182 1891 1273 1963 quo-

221 1992 320 2064 niam
344 1992 542 2088 imaginem
565 1997 730 2066 nostram
751 1992 924 2064 reddunt.
948 1993 1005 2074 Ut,
1030 2015 1103 2065 non
1123 1991 1170 2064 ad
1190 2015 1272 2090 spe-

218 2118 342 2191 culum
362 2119 498 2215 ipsum,
521 2119 585 2192 sed
605 2119 652 2192 ad
671 2141 712 2192 os
732 2123 900 2191 nostrum
916 2117 1066 2215 speculo
1081 2140 1270 2215 repercus-

219 2266 300 2314 sum
333 2233 571 2340 respicimus,¹
601 2243 653 2315 ita
686 2265 759 2314 non
789 2242 894 2324 alios,
923 2240 987 2313 sed
1021 2241 1058 2312 in
1086 2240 1169 2313 aliis
1203 2264 1270 2313 nos

217 2389 398 2440 amamus.
421 2367 574 2462 lllaque,
597 2391 680 2462 quae
700 2390 813 2464 supra
838 2365 1030 2438 dicebatur
1047 2364 1183 2460 porteris
1201 2368 1270 2439 bo-

215 2492 311 2564 mani
326 2490 473 2575 caritas
496 2495 605 2565 nostrl
620 2491 768 2564 demum
786 2489 916 2562 unicus
935 2512 1039 2562 amor
1060 2492 1128 2561 est.
1148 2488 1268 2574 Quum

216 2615 435 2688 beneficium
473 2615 582 2689 alicui
615 2622 767 2713 praesto,
804 2639 861 2688 me
899 2614 936 2687 in
974 2614 1152 2688 beneficio
1187 2637 1268 2688 meo

215 2739 434 2837 exprimere,
465 2745 501 2813 et
532 2739 681 2821 intueri,
708 2743 745 2812 et
776 2739 930 2833 diligere
961 2738 998 2810 in
1032 2739 1155 2812 animo
1182 2746 1263 2812 ost:

215 2863 398 2960 quidquid
419 2863 506 2936 boni
527 2862 708 2936 effecerim
729 2867 841 2959 atque
857 2862 1043 2959 posuerim
1061 2862 1098 2933 in
1113 2861 1209 2945 aliis,
1228 2863 1265 2935 id

214 2991 392 3083 tanquam
408 2987 567 3060 amabile
583 2987 654 3059 mei
670 2965 1029 3082 exemplarhabebo,
1048 2991 1265 3083 gratamque

213 3110 357 3194 facicm,
380 3136 454 3209 qua
470 3112 563 3184 forte
583 3111 743 3194 sublata,
763 3110 856 3183 nihil
874 3111 911 3183 in
932 3110 1179 3206 orbegratom
1197 3135 1264 3184 nec
1342 3169 1344 3172 .

212 3236 370 3310 amabile
390 3242 612 3336 superesset.

259 3360 378 3446 Quare
398 3385 513 3457 quum
533 3361 673 3434 amicus
698 3383 801 3432 meus
821 3383 894 3433 non
910 3359 987 3456 jam
1007 3360 1080 3457 ipse
1098 3364 1166 3442 est,
1199 3362 1263 3433 sed

194 3523 196 3526 >
207 3508 292 3581 pora
312 3485 395 3568 mei,
418 3491 496 3559 tota
516 3510 589 3559 non
609 3486 655 3559 ad
675 3509 759 3558 eum
776 3489 929 3582 spectat,
948 3485 1012 3558 sed
1032 3485 1079 3557 ad
1100 3508 1157 3557 me
1172 3488 1262 3557 ami·

204 3610 296 3683 'citia
315 3611 524 3684 revertitur.

137 3779 143 3788 ·
255 3737 306 3808 Ex
340 3736 397 3809 bis
429 3737 646 3809 concludere
676 3735 732 3807 fas
765 3740 821 3807 est
848 3733 1099 3807 beneficentia
1126 3733 1262 3832 princi-

208 3860 323 3958 pium,
362 3866 559 3960 postquam
595 3861 632 3933 id
661 3859 809 3959 penitus
839 3857 1139 3958 perpererimus,
1172 3857 1266 3932 falsa
1325 3871 1328 3878 '

208 3984 412 4059 honestatis
440 3984 561 4084 specie
588 4009 655 4058 nos
682 3983 883 4081 decepisse,
911 3988 1023 4079 atque
1043 3981 1136 4054 nihil
1164 3981 1265 4054 aliud

207 4133 287 4184 osso
307 4134 434 4183 revera
453 4133 566 4207 quam
585 4133 748 4182 amorem
769 4106 840 4190 sui,
859 4106 924 4203 qui
944 4105 1184 4204 turpissimus
1205 4106 1265 4179 ha·

205 4232 314 4306 botnr
331 4256 339 4308 :
358 4234 427 4308 nisi
448 4235 542 4308 l'orte
559 4234 607 4307 sit
626 4234 777 4332 quidam
798 4254 902 4305 amor
922 4231 980 4304 sui
1000 4236 1037 4303 et
1061 4254 1263 4326 generosus

205 4366 242 4431 ot
263 4359 439 4433 honestus
459 4381 569 4456 quem
585 4357 785 4431 virtutibus
801 4378 1047 4430 annumerare
1062 4354 1216 4428 deceat‘l
