3074 5198
694 593 849 653 ..qq-

240 745 372 796 cavcns
391 749 450 808 ne,
475 730 615 799 mutata
634 726 843 801 conditione
863 726 1038 809 hominis,
1064 726 1174 800 simul
1200 725 1295 799 desi·

240 848 304 920 dat
323 848 479 923 fortasse
498 849 619 947 prisca
639 874 727 946 erga
746 875 804 924 me
820 851 1092 924 benevolentia.
1128 945 1133 953 Ι

289 973 396 1067 Ergo,
418 997 461 1046 ea
480 974 655 1057 amicitia,
683 999 766 1072 quac
799 976 963 1049 humano
987 976 1113 1070 generi
1147 975 1299 1072 propria

243 1101 311 1178 ost,
343 1110 463 1184 μεσότης
489 1099 656 1194 quaedam
685 1100 843 1184 videtur,
880 1100 1012 1173 ceteris
1045 1098 1159 1172 animi
1191 1100 1297 1171 affec·

242 1221 342 1294 tibus
362 1222 565 1305 simillima,
594 1224 658 1320 qui
681 1224 790 1297 medii
819 1228 906 1298 sunt
928 1232 1040 1320 atque
1061 1222 1158 1295 inter
1179 1228 1298 1295 extre-

242 1368 344 1427 mos,
375 1353 624 1420 extremorum
661 1349 767 1444 quasi
803 1353 1097 1447 temperamento
1121 1347 1299 1443 quodam

242 1469 447 1554 constituti,
471 1472 652 1545 locantur.

211 1583 212 1588 ἵ
290 1595 415 1689 Neque
430 1596 675 1670 dubitandum
692 1597 851 1692 estquin
873 1597 925 1669 ita
946 1596 1133 1670 Aristoteli
1155 1596 1302 1694 placue-

200 1731 201 1734 ’
242 1717 291 1789 rit
310 1742 425 1814 quum
455 1719 550 1792 hanc
578 1721 831 1794 definitionem
861 1721 896 1792 in
924 1722 1065 1816 Magnis
1097 1720 1300 1794 Moralibus

243 1843 471 1941 reperiamus
495 1866 501 1918 :
524 1857 601 1936 grtia
620 1851 708 1918 δ’ἐστὶ
727 1860 847 1934 μεσὸτης
867 1858 1022 1929 κολακείαις
1045 1856 1092 1917 καὶ
1111 1858 1224 1937 ἔχθρας.

757 2204 796 2274 t'.

292 2479 470 2566 Quoniam
500 2502 543 2551 oo
566 2479 774 2552 locotocati
803 2503 931 2552 sumus
962 2484 1001 2551 ut
1032 2479 1105 2551 vim
1145 2493 1301 2568 μεσότητες

243 2601 487 2698 attigerimus,
516 2625 615 2673 nunc
642 2601 789 2673 adeam
810 2601 982 2675 amicitiae
1003 2603 1162 2700 speciem
1179 2608 1300 2675 trans-

243 2726 405 2800 eundum
433 2731 502 2807 est,
532 2749 616 2822 quae
645 2726 681 2798 in
716 2725 882 2821 qualibet
912 2726 1103 2799 hominum
1128 2727 1302 2800 societate

243 2856 423 2934 versatur,
441 2851 826 2949 atqueinquirondum
844 2874 918 2945 qua
934 2851 1076 2924 ratione
1090 2851 1302 2948 quibusque

244 2958 362 3048 modis
390 2999 442 3048 eae
462 2976 574 3070 teges,
597 2998 690 3072 quas
706 2973 1014 3048 ratiocinamento
1034 2998 1148 3074 supra
1172 2976 1304 3048 cousti-

242 3099 396 3182 tuimus‚
445 3098 529 3172 vitae
575 3097 742 3195 adaptari
789 3103 901 3193 atque
950 3099 1072 3194 quoad
1114 3099 1302 3172 observari

244 3228 397 3320 queant.

293 3347 401 3444 Atqui
439 3346 595 3419 virtutes
629 3345 726 3419 inter
760 3346 1012 3428 necessarias,
1050 3346 1129 3419 sine
1167 3347 1304 3443 quibus

245 3473 353 3546 nulla
389 3471 581 3544 hominum
625 3470 894 3565 conglutinatio
932 3494 1150 3568 permanere
1190 3472 1300 3554 valet,

243 3594 589 3695 praestantissimarn
610 3618 690 3667 esse
706 3594 890 3690 justitiam
908 3595 1200 3669 asseveravimus
1223 3598 1301 3691 (t):

148 3744 150 3749 ·
243 3744 356 3818 quam
376 3719 439 3793 ubi
456 3719 665 3801 sustuleris,
689 3717 792 3791 nulla
808 3718 884 3814 jain
902 3719 1087 3818 supererit
1105 3721 1306 3794 communi-

244 3854 300 3918 ter
318 3843 464 3917 vivendi
485 3842 602 3941 copia.

292 3971 424 4042 Verum
456 3967 621 4040 inomni
649 3946 812 4040 amicitia
845 3967 987 4063 aliquid
1015 3967 1172 4064 justitiae
1193 3968 1301 4045 inest.

243 4094 419 4190 quoniam
439 4091 639 4189 amicitiam
656 4090 748 4163 nihil
769 4092 871 4164 aliud
892 4116 972 4166 esso
993 4093 1173 4165 diximus.
1192 4116 1303 4193 quam

279 4368 318 4436 (t)
334 4368 396 4436 litte.
413 4367 489 4431 Nic,
506 4366 563 4423 Lib.
583 4366 613 4431 Υ,
628 4381 688 4436 cap.
704 4367 734 4424 t.
