3074 5198
686 604 845 665 ..90-

237 737 408 811 amicitiae
439 737 533 811 ratio
561 743 817 831 convertatur3
842 740 991 836 requetio
1020 763 1152 838 nempe
1173 763 1291 813 cessa·

237 863 307 948 hio
327 867 439 959 atque
459 865 521 936 fiet
539 887 622 960 quaa
641 887 663 936 a
683 863 956 937 mathematicis
972 866 1152 962 proportio
1172 864 1291 938 vocari

238 986 344 1060 solet.

286 1113 373 1198 Quae
386 1136 501 1210 quum
530 1112 582 1185 ita
601 1113 688 1197 sint,
726 1136 825 1186 nunc
857 1113 949 1187 duos
983 1115 1165 1209 fingamus
1193 1114 1291 1188 viros

237 1237 366 1319 bonos,
390 1242 656 1310 mutuoamore
671 1237 910 1334 conjunctos3
933 1238 1176 1335 scilicetquia
1198 1239 1293 1313 alter

235 1362 388 1435 alterius
426 1361 600 1435 virtutem
639 1363 818 1446 redamat,
861 1364 956 1436 hanc
994 1363 1229 1462 qualitatem,
1253 1364 1291 1436 in

234 1491 393 1583 utroque
408 1510 548 1584 parem,
572 1487 856 1584 pretermittere
892 1487 1000 1560 nobis
1032 1488 1170 1572 licebit,
1192 1486 1291 1560 haud

236 1633 341 1684 secus
356 1635 399 1683 ac
419 1611 630 1684 communia
643 1611 838 1694 elementa,
858 1612 995 1709 quibus
1009 1612 1104 1684 forte
1118 1613 1287 1696 sublatis

235 1734 329 1807 nihii
350 1734 386 1806 in
404 1735 613 1831 aequatione
628 1741 756 1808 nostra
777 1741 997 1809 mutaretur.

280 1859 534 1956 Respiciamus
554 1859 667 1954 igitur
683 1859 798 1932 solam
834 1860 880 1933 ad
905 1861 1166 1957 quantitatem,
1197 1884 1291 1933 eam-

233 2006 305 2079 que
325 1982 491 2078 iniquam
519 1983 714 2077 fingamus.
737 1985 804 2056 Fas
826 1983 874 2056 sit
906 1983 1066 2079 denique
1085 1985 1287 2056 mathema·

236 2107 305 2180 tico
321 2129 422 2179 more
439 2107 505 2189 uti,
527 2111 639 2202 atqua
655 2107 813 2179 atterum
830 2129 873 2178 ex
908 2107 1045 2180 nostris
1072 2108 1112 2190 Α,
1131 2108 1288 2180 atterum

233 2236 357 2318 autem
375 2232 401 2302 B
417 2231 618 2329 appellare,
639 2254 796 2327 quorum
812 2230 925 2328 priori
944 2230 1119 2304 virtutem
1136 2233 1191 2316 IV,
1210 2256 1290 2330 pos·

233 2354 360 2428 teriori
375 2378 461 2428 vero
482 2356 655 2427 virtutem
678 2356 708 2426 ll
724 2355 982 2429 attribuemus.

280 2463 396 2563 Nunc,
415 2503 494 2575 quae
515 2480 563 2552 sit
577 2478 750 2552 amicitiae
770 2504 927 2564 summa,
964 2481 1010 2553 ab
1046 2486 1202 2577 utroque
1224 2485 1288 2554 aut

232 2627 404 2677 concessa
440 2610 503 2676 aut
537 2608 704 2701 accepta,
741 2610 780 2678 ut
823 2630 908 2679 vera
942 2615 1036 2692 ἱσέτης
1071 2606 1289 2680 instituatur

233 2728 510 2826 inquirendum.

161 2955 163 2958 Α
281 2843 460 2938 Profecto,
479 2855 510 2928 si
539 2856 791 2930 definitionem
822 2855 924 2929 illam
947 2854 1121 2928 amicitiae
1137 2855 1287 2929 exordio

234 2980 414 3079 prolatam
436 2980 651 3078 repetimus,
674 2981 850 3078 quoniam
889 3003 969 3053 eam
1002 2981 1099 3052 inter
1131 2981 1287 3054 virtutes

232 3104 446 3178 Aristoteles
478 3106 747 3188 annumeravit,
779 3110 891 3200 atque
910 3105 1058 3178 virtutis
1082 3105 1285 3202 quidquam

233 3252 379 3326 semper
398 3229 556 3302 retinere
576 3229 759 3327 praedixit,
782 3230 819 3302 id
835 3228 919 3325 jura
952 3253 993 3301 ac
1023 3228 1154 3303 merito
1180 3230 1286 3303 uobis

222 3352 431 3436 uidebitur,
450 3360 491 3425 ut
511 3358 663 3427 mutuus
697 3377 801 3426 amor
816 3352 862 3425 ab
883 3358 1042 3449 utr'oque
1075 3354 1286 3453 impertitus

234 3476 430 3571 utriusque
450 3477 577 3549 virtuti
598 3478 832 3574 respondeat,
874 3477 926 3549 ita
947 3482 987 3549 ut
1015 3478 1144 3551 melior
1177 3476 1287 3574 majo

234 3624 325 3684 rem,
345 3599 449 3698 pejor
467 3605 590 3673 autem
620 3601 799 3674 minorem
833 3601 952 3674 amico
972 3602 1171 3674 caritatem·
1190 3624 1285 3698 prae-

199 3823 201 3828 1
232 3723 328 3796 beat.
348 3723 417 3806 Sic,
441 3723 524 3822 plus
541 3730 682 3797 amaret
712 3749 822 3821 quam
851 3730 1051 3808 amaretur,
1074 3723 1138 3821 qui
1168 3725 1286 3820 magis

231 3847 268 3919 in
284 3847 419 3920 virtute
442 3849 670 3946 profecisset.
689 3851 761 3923 Nec
781 3849 916 3922 mirum
939 3871 947 3922 :
966 3848 1057 3944 quia
1067 3847 1281 3946 sapientior,

231 3972 414 4068 quidquid
429 3975 475 4046 ad
491 3974 711 4072 sapientiam
734 3975 917 4074 pertineat
930 3976 984 4069 (at
1005 3974 1103 4045 enim
1124 3972 1286 4046 amicitia

231 4119 314 4169 cum
345 4097 528 4195 sapientia
577 4122 724 4197 semper
770 4098 1021 4195 conjungitur)
1055 4096 1092 4169 id
1125 4097 1286 4195 amplius

230 4220 383 4294 haberet
399 4244 549 4295 necesse
564 4227 674 4296 esset.

278 4346 356 4434 Qua
372 4346 416 4418 de
434 4370 472 4418 re
492 4350 643 4421 omnino
677 4348 850 4422 dissentit
882 4348 1110 4422 Aristoteles.
1142 4347 1284 4449 Quippe
