3074 5198
691 611 730 621 ..
754 577 790 637 10
811 609 849 620 ..

241 707 380 803 agitur,
409 711 474 783 sed
500 711 546 784 de
576 736 619 784 ea
642 710 804 784 amicitia
829 736 912 808 quae
939 711 1100 784 humana
1130 717 1206 784 est:
1245 721 1298 783 ἐπι

241 833 342 900 δ’ἐστὶν
362 835 519 921 ἀνθρώπινα
538 841 586 902 καὶ
604 836 700 918 ἀνήκει
717 840 757 913 εἰς
776 839 810 902 τὰ
829 845 882 918 ἤθη
902 842 949 902 καὶ
967 841 1053 918 πάθη,

290 948 368 1033 Quo
391 955 543 1049 ‘spectet
572 949 756 1033 amicitia,
793 951 929 1047 quibus
963 952 1186 1024 adhibeatur
1214 951 1296 1048 qui·

240 1073 384 1170 busque
404 1080 596 1172 repugnet,
621 1075 658 1147 id
674 1075 787 1170 igitur
802 1100 900 1148 nune
920 1075 1234 1174 perspiciendum.

289 1197 1294 1297 Ommaprursusnouaequeueepromiscuediligimus,

241 1345 308 1394 uec
327 1327 458 1396 cuneta
473 1323 612 1420 pariter
626 1324 813 1420 diligenda
834 1325 940 1397 uubis
957 1325 1131 1412 videntur
1146 1345 1155 1396 ῑ
1174 1325 1236 1397 aed
1256 1349 1297 1394 ea

241 1447 360 1519 sulum
381 1471 463 1544 quae
480 1447 646 1520 (cultibiliu
667 1448 850 1521 ducimus.
870 1537 876 1548 ,
1363 1437 1364 1441 ¹

289 1572 1293 1674 Resautem,quasamabileshabemus,quasqueideu‚

238 1718 320 1790 quae
353 1701 525 1769 amentur
550 1697 681 1792 diguas
713 1695 949 1795 profitemur,
981 1704 1068 1770 suut
1103 1703 1167 1768 aut
1192 1697 1298 1770 utiles

237 1824 301 1892 aut
323 1834 450 1916 prate,
479 1829 543 1894 aut
580 1822 675 1895 lorice
691 1849 702 1895 .·
723 1846 781 1896 res
807 1846 1050 1920 quaecumque
1083 1822 1180 1895 buna
1211 1827 1294 1906 est,

239 1946 367 2020 eadem
404 1946 514 2019 simul
544 1951 580 2019 et
606 1952 710 2042 grata
745 1948 906 2020 etutilis
933 1947 1074 2038 evadit;
1112 1971 1185 2019 nou
1210 1970 1296 2019 vem

239 2068 393 2142 invicem
433 2094 582 2144 neeesse
621 2076 677 2143 est
709 2071 892 2168 quidquid
919 2077 1066 2166 gratum
1102 2077 1167 2143 aut
1206 2070 1296 2142 utile

237 2193 417 2275 videatur,
445 2194 494 2266 sit
517 2194 615 2267 idem
641 2185 794 2268 honum.
824 2197 965 2267 Beuum
989 2194 1105 2289 igitur
1123 2194 1294 2267 absolute

196 2403 198 2407 ¹
237 2317 408 2410 entabile,
427 2318 583 2415 ideoque
597 2320 797 2391 amandum
812 2342 978 2393 asserere
994 2341 1193 2415 pessumus
1207 2341 1215 2408 3
1229 2342 1296 2390 nee

236 2441 459 2538 quibusdam
480 2444 600 2526 mode,
620 2444 684 2516 sed
699 2443 885 2516 omnibus.
905 2443 1000 2516 Utile
1016 2467 1102 2516 vere
1118 2466 1191 2514 uun
1209 2467 1296 2536 erga

236 2590 376 2647 omues,
400 2568 464 2639 sed
498 2591 584 2661 erga
604 2567 804 2641 nonnullos
825 2566 1026 2639 utilitatem
1048 2567 1172 2639 habet.
1205 2567 1294 2637 Item

225 2691 280 2764 ale
295 2695 400 2785 grate
417 2714 423 2763 :
443 2690 536 2764 alios
552 2691 626 2763 alia
637 2691 783 2788 juvant.

281 2815 411 2888 lusunt
427 2813 539 2910 igitur
551 2817 607 2888 vel
623 2815 890 2900 animantibus,
910 2816 964 2887 vel
989 2815 1200 2888 inanimatis
1219 2821 1294 2887 tues

234 2940 420 3036 qualitates
430 2965 513 3037 quae
528 2941 593 3014 illa
608 2940 766 3014 efficiant
778 2939 975 3029 amabilia;
991 2939 1125 3013 ideireo
1140 2944 1227 3012 suut
1240 2941 1293 3033 (l)

198 3130 202 3136 .
234 3070 309 3136 tres
324 3088 444 3137 eausae
459 3088 480 3136 a
493 3057 630 3162 quihus
644 3065 825 3160 originem
838 3065 972 3137 ducere
983 3063 1102 3161 possit
1118 3064 1290 3135 allectus:

234 3189 298 3259 sed
328 3196 367 3260 ut
394 3188 571 3285 aliquem,
604 3189 661 3261 vel
691 3213 767 3262 rem
799 3189 963 3285 aliquam
983 3187 1196 3282 diligamuS,
1220 3210 1293 3258 nou

233 3312 324 3385 satis
344 3320 526 3386 estunam
548 3338 592 3386 ex
609 3313 683 3386 illis
703 3313 947 3410 qualitatibus
964 3312 1135 3383 retineat.

282 3438 447 3535 Exempli
474 3439 606 3533 gratia,
629 3438 756 3509 viuum
777 3437 884 3510 uubis
904 3444 969 3510 aut
985 3436 1075 3508 utile
1090 3441 1154 3509 aut
1166 3434 1295 3532 jueuu-

233 3565 321 3636 dum
330 3568 399 3646 est,
413 3563 549 3662 saepius
562 3562 768 3659 jucundum
785 3561 895 3634 simul
912 3567 1023 3656 atque
1046 3558 1149 3632 utile.
1167 3558 1293 3630 Ridea-

232 3695 294 3761 tur
325 3694 449 3760 tamen
477 3688 507 3760 si
533 3687 617 3784 quis
647 3686 745 3759 dieat
770 3685 895 3758 viuum
924 3709 1004 3758 esse
1032 3683 1103 3757 sibi
1131 3683 1291 3756 amicum

232 3835 345 3909 seque
360 3812 447 3883 vino
467 3811 560 3884 bene
576 3809 722 3884 evenire
742 3810 848 3882 velle.
873 3808 976 3894 Quod
996 3808 1147 3906 quidem
1175 3831 1290 3902 quum

231 3935 631 4033 eouservauiuupimus‚
649 3959 721 4008 neu
732 3935 778 4007 ad
794 3933 880 4016 viui,
900 3934 963 4006 sed
980 3933 1025 4005 ad
1042 3937 1208 4004 uestram
1226 3930 1293 4002 uti-

232 4060 371 4133 litatem
399 4060 629 4159 respicimus.
660 4059 905 4145 Quamobrem
933 4083 1043 4131 eausu
1071 4081 1136 4128 eui·
1163 4056 1289 4127 viuum
1347 4083 1349 4086 ’

267 4355 304 4423 tlp
329 4355 389 4408 llll.
406 4354 481 4422 Nun,
501 4353 557 4407 liu.
577 4352 641 4416 l'lll,
658 4368 716 4420 eup.
730 4352 763 4414 ΙΙ,
786 4367 827 4424 sep.
