3074 5198
382 799 640 888 exputruit
665 799 928 888 ARISTOTELIS
955 799 1152 890 uturum

287 1219 391 1292 Nunc
406 1219 567 1294 breviter
585 1221 834 1317 colligendum
862 1245 936 1318 qua
957 1220 1203 1295 ratiocinandi
1236 1220 1294 1294 via

238 1342 276 1414 in
305 1367 348 1416 ea
378 1356 441 1436 περὶ
472 1358 565 1437 φιλίας
588 1334 846 1445 ¹disputatione
882 1345 1128 1444 philosophus
1168 1350 1294 1419 noster

238 1491 327 1541 usus
343 1467 467 1552 fuerit,
486 1493 634 1566 quaque
665 1469 898 1544 concinentia
917 1493 960 1542 ea
979 1469 1151 1543 amicitiae
1182 1469 1293 1543 facies

237 1591 304 1663 toti
325 1592 501 1666 doctrinae
521 1595 769 1692 respondeat3
792 1595 953 1691 denique
975 1593 1177 1667 videndum
1203 1618 1292 1666 num

236 1714 343 1788 nobis
376 1717 527 1790 omnino
557 1718 713 1816 placeat,
748 1719 913 1815 quidque
940 1719 972 1791 ei
999 1718 1210 1791 addendum
1227 1718 1288 1802 sit,

234 1838 291 1911 vel
308 1841 563 1924 resecandum,
585 1842 642 1915 vel
670 1843 889 1915 mutandum
910 1847 952 1915 ut
965 1841 1161 1916 recentiori
1182 1847 1287 1917 meta-

234 1963 394 2061 physicae
411 1966 527 2061 magis
547 1970 795 2039 concentanea
814 1968 891 2040 fiat.

283 2088 386 2174 Quod
406 2090 452 2163 ad
468 2089 673 2163 disserendi
689 2090 870 2164 rationem
885 2095 1041 2189 spectat,
1060 2092 1151 2166 satis
1172 2092 1290 2189 liquet

233 2213 467 2286 Aristotelem
483 2238 505 2287 a
523 2215 691 2288 interimo
705 2236 829 2309 periere
844 2215 1063 2313 profectum,
1082 2239 1149 2313 per
1162 2218 1290 2314 species

234 2337 388 2421 mediae,
410 2339 457 2410 ad
484 2337 700 2413 indiuiduam
719 2341 856 2438 optimo
879 2339 1045 2413 amicitie
1067 2340 1193 2437 sociem
1212 2365 1290 2437 gra·

232 2461 347 2534 datim
367 2462 590 2536 ascendisse.

281 2587 458 2671 Primum,
474 2588 673 2686 quamdam
688 2592 726 2660 ut
737 2588 788 2660 ita
800 2587 920 2662 dicam
930 2612 1054 2662 rerum
1069 2589 1284 2676 amicitiam,

233 2711 442 2784 universam
469 2716 581 2809 atque
615 2712 697 2785 ideo
713 2712 909 2785 minimam·
925 2713 1082 2787 existere
1102 2716 1283 2799 concedit,

231 2860 305 2933 qua
339 2840 471 2909 natura
504 2841 582 2910 tota
618 2838 845 2932 coaguletur.
886 2839 967 2911 Mox
1004 2839 1051 2911 ad
1085 2839 1285 2914 humanam

230 2960 431 3033 amicitiam
471 2961 582 3046 venit,
618 2961 723 3058 cujus
760 2961 881 3035 varios
919 2961 1056 3057 gradus
1093 2964 1281 3048 describit,

230 3108 386 3182 eamque
419 3086 605 3160 societatis
634 3087 911 3183 cujuscumque,
947 3085 1173 3185 reipublicae,
1195 3089 1282 3163 civi·

229 3210 329 3299 tatia,
352 3210 501 3284 familiae
515 3210 703 3284 vinculum
724 3233 804 3284 esse
819 3209 1061 3285 demonstrat.

277 3335 442 3432 Denique
461 3320 649 3432 egregium
665 3334 836 3409 amicitiae
849 3335 1036 3434 specimen
1052 3338 1279 3436 exsequitur,

229 3460 369 3534 scilicet
383 3461 564 3558 privatam
596 3459 699 3533 illam
732 3458 1052 3559 arctissimamque
1085 3464 1283 3537 necessitu-

228 3585 353 3658 dinem
372 3609 455 3682 quae
471 3585 568 3659 inter
583 3585 680 3659 viros
707 3584 836 3668 bonos,
860 3583 1008 3658 virtutis
1028 3608 1151 3670 causa,
1175 3587 1280 3662 iusti-

227 3709 358 3784 tuitur.

275 3834 379 3917 Tum,
398 3839 596 3932 postquam
611 3833 782 3932 persectae
793 3830 894 3905 illius
903 3832 1074 3908 amicitiae
1084 3833 1278 3930 originem,

227 3963 412 4044 naturam,
453 3958 752 4057 principiumque
792 3956 1040 4042 constituerit,
1089 3983 1169 4033 eam
1207 3985 1280 4036 non

226 4084 332 4180 quasi
357 4083 512 4158 formam
544 4066 744 4180 quamdam
777 4081 1064 4179 metaphysicam
1098 4083 1278 4171 intuetur,

228 4208 370 4282 ratione
405 4207 627 4282 insidentem
652 4212 806 4303 atquea
831 4205 907 4278 vita
925 4205 1088 4281 humana
1114 4209 1205 4283 adeo
1224 4210 1278 4283 di·

227 4337 385 4408 stantem
419 4338 459 4406 ut
497 4331 623 4406 notitia
652 4353 743 4431 puro
780 4329 816 4402 in
856 4333 980 4403 mente
1016 4334 1279 4431 comprehendi
