3074 5198
706 599 842 658 ..2-

248 731 382 798 natura
420 732 456 798 ct
485 728 625 825 species
655 735 691 801 et
725 731 843 805 virtus
882 733 1072 807 amicitia:
1103 735 1235 815 deinde
1265 743 1337 814 ut,

243 854 388 922 constet
422 851 524 923 illam
554 852 726 926 amicitiae
757 855 1024 940 definitionem,
1055 882 1168 954 quam
1204 859 1302 931 obti-

242 973 448 1058 nuerimuS,
472 1000 553 1048 cum
590 977 735 1074 reliqua
760 979 976 1078 philosophi
998 980 1115 1054 nostri
1135 982 1302 1056 doctrina

241 1097 447 1172 arctissime
468 1123 683 1195 congruere.

759 1340 784 1412 l.

238 1579 240 1582 ’
286 1553 391 1639 Quod
413 1555 443 1627 si
465 1579 483 1627 e
503 1579 621 1649 graeco
642 1557 679 1628 in
698 1557 854 1661 latinum
877 1559 988 1657 opelli
1014 1561 1164 1634 titulum
1193 1565 1299 1636 verti-

238 1702 461 1777 unusquam
486 1694 577 1771 cittii
597 1681 813 1756 Aristotcles
833 1690 949 1766 vocat,
968 1687 1158 1759 curiciticm
1178 1688 1297 1762 dicere

238 1803 418 1899 cogimur.
440 1805 527 1891 Qum
543 1807 692 1902 quidem
707 1808 904 1881 translatio
918 1833 991 1882 non
1004 1816 1144 1884 exacta.
1160 1813 1297 1912 Nempe

235 1940 312 2020 φιλία
344 1929 508 2002 amicitia
537 1930 647 2003 latior
679 1936 753 2014 cst,
786 1938 898 2028 atquc
934 1956 1000 2031 pro
1035 1934 1296 2032 qualicumque

235 2055 387 2128 amandi
404 2055 580 2127 facultate
599 2056 727 2129 haberi
747 2056 870 2129 debet.

281 2180 441 2264 Scilicet,
468 2181 499 2252 si
524 2179 639 2252 animi
662 2181 815 2253 affectus
842 2205 886 2254 cx
911 2181 1053 2265 ordine,
1080 2206 1147 2280 pro
1171 2184 1293 2281 cujus-

233 2330 305 2402 que
322 2304 537 2378 extensione
564 2304 880 2390 describerentur,
904 2320 982 2398 φιλία
1012 2308 1177 2402 generis,
1201 2309 1292 2381 ami-

231 2433 319 2504 citia
340 2454 426 2504 vcro
444 2431 578 2529 speciei
600 2431 720 2504 locum
742 2431 939 2505 obtineret.
1128 2425 1130 2429 ’

281 2559 332 2629 oc
348 2557 519 2628 Amicitia
534 2556 571 2627 in
588 2555 778 2628 lilnisl'lll
795 2562 832 2628 ot
845 2557 891 2628 lx
902 2557 1114 2629 Ethicorum
1132 2559 1294 2632 Nicoma-

233 2683 388 2755 chorum
406 2679 615 2753 disseritur.
638 2680 773 2751 Eadem
789 2659 944 2753 materia
964 2705 1094 2754 rursus
1113 2685 1293 2755 tractatur

233 2814 313 2908 tum
333 2806 369 2877 in
385 2804 526 2877 Etlricis
541 2804 729 2877 Eudemiis
752 2806 819 2899 (l),
845 2816 924 2877 tum
953 2806 990 2876 in
1012 2807 1152 2900 ltlagnis
1174 2808 1290 2880 Mora-

233 2932 331 3004 libus
350 2932 423 3026 (⁶2);
441 2930 600 3026 denique
618 2929 654 3001 in
672 2928 767 3001 libro
781 2929 842 3001 Vll
855 2928 1093 3003 Politicorum
1106 2933 1291 3027 quomodo

232 3057 423 3129 exoriatur
454 3053 617 3126 amicitia
650 3053 873 3149 quibusque
894 3054 1132 3128 incrementis
1165 3055 1291 3152 adjuta

232 3181 444 3254 adolescere
468 3178 585 3251 soleat
612 3178 827 3251 Aristoteles
848 3178 1009 3250 breviter
1028 3179 1189 3275 attingit.

281 3307 374 3377 Dum
396 3303 505 3375 modo
525 3301 648 3374 varios
670 3302 738 3373 lros
758 3303 1172 3387 tractatuscontulcris,
1197 3328 1290 3378 com-

233 3452 458 3524 munemque
475 3431 633 3525 partem,
657 3449 731 3522 qua
747 3426 791 3498 de
807 3426 970 3499 amicitia
984 3427 1119 3523 agitur,
1137 3451 1290 3526 perpen-

232 3553 344 3636 deris,
387 3578 406 3624 c
438 3550 713 3649 comparatione
742 3574 825 3623 mox
861 3551 1002 3649 patebit
1031 3552 1160 3625 Ethica
1189 3552 1290 3625 Nico-

236 3682 399 3753 machaea
435 3684 519 3761 ante
554 3682 696 3758 cetera,
734 3701 817 3772 quae
849 3700 962 3773 supra
1002 3676 1163 3749 indicata
1202 3672 1299 3750 sunt

238 3831 362 3905 opera,
398 3805 511 3877 luisse
542 3801 757 3898 composita.
794 3802 931 3902 Nempe
961 3805 1040 3873 tum
1072 3801 1201 3874 Ethica
1224 3803 1290 3874 llu-

238 3931 360 4004 ‹lemia
391 3936 470 4001 tum
509 3930 637 4022 llagna
671 3924 822 3998 lloralia
847 3925 940 3997 nihil
981 3926 1080 3998 aliud
1117 3926 1289 3999 ridentur

240 4080 350 4154 (uram
373 4055 498 4126 eadem
521 4052 734 4124 dissertatio
772 4051 829 4122 cui
851 4056 887 4123 et
919 4050 1130 4123 adstrictior
1156 4051 1286 4135 forma,

196 4342 199 4346 Δ
262 4308 303 4378 (l)
325 4307 386 4362 llll.
405 4305 490 4368 dua,
506 4303 566 4358 Lib.
586 4304 642 4368 lll,
657 4319 716 4372 cap.
735 4303 755 4354 l.

265 4406 303 4479 qd)
322 4404 419 4472 alquuu
435 4398 573 4462 ,lleruliu.‚
590 4395 636 4448 liu.
655 4394 688 4459 ll,
702 4408 760 4463 carp.
777 4390 826 4446 xl.
