3074 5198
708 599 867 658 ..36-

218 821 219 825 ¹
257 739 331 816 tus,
367 712 478 828 quem
506 731 666 831 amplius
696 732 849 827 diligere
878 755 999 828 neque
1028 733 1153 817 debes,
1194 755 1315 828 neque

259 857 370 930 etiam
405 861 509 955 potes
543 857 696 930 absente
725 880 835 931 causa
867 880 932 930 our
974 857 1163 952 diligatur.
1197 857 1314 929 Malus

258 985 326 1065 est,
350 986 462 1078 atque
486 1005 529 1054 ea
548 985 605 1054 est
624 981 796 1054 amieitiae
820 986 953 1055 natura
974 986 1014 1054 ut
1033 1007 1054 1054 a
1075 981 1183 1055 malis
1204 981 1314 1055 rebus

201 1100 203 1105 ¹
256 1106 466 1181 abhorreat.
496 1106 583 1192 Quae
620 1129 735 1203 quum
761 1107 813 1180 ita
846 1107 937 1190 sint,
978 1130 1106 1180 omnes
1143 1107 1314 1180 amicitia

177 1250 178 1253 ’
259 1231 488 1306 conditiones
513 1254 588 1304 una
607 1232 796 1304 deficiunt.
819 1232 985 1304 Amisum
1008 1232 1106 1304 euim
1132 1231 1179 1305 ab
1196 1232 1314 1305 amieo

259 1355 463 1429 dissimilem
483 1355 688 1447 habemus;
712 1379 832 1451 neque
858 1355 934 1428 ulla
956 1355 1146 1429 nisiinter
1172 1356 1313 1429 similes

256 1479 418 1553 amicitia
434 1502 442 1554 :
461 1480 617 1552 nonsibi
632 1493 841 1554 constantem
855 1503 867 1562 ,·
883 1485 921 1553 at
936 1504 1024 1552 vara
1038 1481 1203 1553 amicitia
1217 1505 1312 1554 eoois·

257 1608 368 1680 tootio
382 1606 616 1703 potissimum
632 1605 730 1700 viget
745 1609 857 1701 atque
873 1606 1003 1679 alitur:
1025 1606 1215 1702 deniquae
1230 1606 1313 1679 bomo

259 1730 484 1805 diseedemtem
508 1753 516 1821 3
538 1734 577 1802 at
596 1729 690 1802 nihil
711 1736 845 1828 praeter
859 1731 997 1804 bonum
1018 1731 1190 1804 amabile.
1219 1730 1313 1817 Quid

259 1857 395 1929 mirum
428 1856 458 1928 si
485 1854 648 1928 amicitia
681 1860 813 1953 sponte
842 1855 1031 1928 intereat?
1052 1856 1310 1942 Quamobrem,

260 1986 455 2080 postquam
492 1984 666 2077 corrupto
703 1979 821 2053 amieo
860 1981 1046 2054 incassum
1071 1981 1309 2065 succurreris

258 2129 417 2202 eumque
432 2106 528 2191 'adeo
555 2104 794 2202 depravatum
820 2104 1004 2178 inveneris
1031 2111 1072 2178 ut
1094 2106 1312 2204 improbitas

256 2232 335 2329 ejus
359 2208 577 2304 insanabilis
597 2229 823 2329 apparuerit,
842 2230 954 2302 talem
971 2230 1090 2303 virum
1107 2231 1312 2306 deserendo

258 2356 351 2429 nihil
384 2354 586 2427 absurdum
612 2353 747 2427 facies:
781 2361 883 2437 Δέξειε
902 2359 966 2425 δ’ἂν
987 2367 1001 2425 ὁ
1020 2366 1207 2444 διαλυόμενος
1234 2366 1311 2428 οὐδὲν

260 2492 363 2553 ἄτοπον
383 2501 482 2552 ποιεῖν·
506 2489 536 2550 oi
555 2486 611 2570 γὰρ
631 2493 719 2569 τούτῳ
739 2489 756 2570 ᾖ
776 2492 889 2569 τεισότῳ
909 2489 989 2568 φίλος
1006 2485 1038 2565 ἦν
1058 2481 1125 2574 (l).

306 2607 398 2678 Sunt
413 2604 526 2699 igitur
544 2608 620 2675 tres
640 2603 812 2674 amicitiae
832 2603 968 2696 gradus
992 2625 999 2675 :

307 2731 343 2802 1⁰
362 2741 484 2820 φίλησις,
514 2751 578 2801 seu
599 2750 715 2821 genus
735 2750 921 2800 summum
945 2727 1153 2811 amationis,
1177 2753 1251 2826 quo
1271 2731 1312 2802 tit

166 2895 168 2902 ·
259 2860 300 2928 ut
319 2877 377 2927 res
406 2853 531 2926 anima
558 2858 726 2925 carentes
760 2851 953 2947 mutuique
987 2853 1124 2925 amoris
1151 2853 1311 2951 impares

165 2967 170 3044 l
259 2979 383 3053 studio
401 2978 562 3074 quodam
583 2977 884 3074 complectamur.

173 3198 177 3208 ³
306 3105 341 3176 2⁰
375 3115 486 3188 etiaim
523 3126 586 3176 seu
621 3100 898 3184 benevolentia,
937 3125 1019 3199 quae
1054 3101 1204 3197 quidem
1237 3126 1310 3177 non

258 3231 330 3305 nisi
344 3231 442 3303 inter
455 3226 624 3302 homiues
640 3225 798 3308 institui,
811 3226 875 3300 sed
888 3232 1011 3300 tamen
1028 3213 1310 3303 interabsentes

256 3361 320 3430 aaut
341 3355 476 3429 inscios
496 3351 652 3425 existere
671 3350 781 3423 valet.

304 3481 341 3554 3⁰
360 3479 525 3576 Denique
550 3487 646 3566 pitia,
680 3499 744 3548 seu
771 3475 921 3574 propriu
951 3476 1100 3549 nomine
1128 3477 1307 3562 amicitia,

259 3627 449 3706 perquam
470 3603 543 3675 duo
573 3601 754 3684 homiues,
786 3600 1004 3674 commercio
1027 3601 1202 3674 contiuuo
1224 3627 1308 3677 eou-

254 3729 374 3828 juneti
393 3751 435 3800 ao
451 3730 583 3798 natura
594 3722 672 3821 jam
692 3747 806 3822 prope
822 3747 943 3822 pares,
961 3748 1124 3798 amorem
1140 3732 1310 3801 mutuum

257 3876 340 3926 oum
360 3846 691 3947 equitatehabent.
1159 3937 1161 3941 Ι

203 4004 205 4007 ·
306 3978 481 4074 Superest
507 3977 629 4046 autem
651 3995 767 4068 genus
796 3973 982 4069 quoddam
1010 3972 1181 4047 amicitiae
1200 3998 1307 4073 supe·

171 4095 173 4101 ’
262 4098 421 4174 rioribus
455 4095 666 4178 sublimius,
686 4095 791 4191 eujus
812 4095 906 4168 ratio
925 4095 1099 4192 aequitate
1119 4095 1198 4194 ipsa
1217 4119 1308 4194 prae·

293 4376 332 4448 (ll
350 4373 409 4429 lllb.
427 4372 501 4436 Nu„
518 4370 576 4444 Lib.
592 4369 642 4433 lx,
659 4385 717 4439 oapi.
736 4370 780 4431 111,
798 4368 815 4422 l.
830 4367 873 4426 tt.
