3074 5198
703 601 861 661 ..⁶22-

255 713 365 810 tinnri
385 742 538 834 queunt.
562 738 688 833 Neque
707 759 856 810 necesse
879 741 947 818 est,
984 739 1184 832 antequam
1201 733 1307 809 'anri-

254 861 341 947 citin
362 861 591 943 instituatur,
616 861 653 932 in
689 865 846 955 utroque
876 884 919 932 ea
947 860 1154 957 reperiatur
1186 883 1307 956 ecqua·

256 985 354 1058 litas.
384 991 492 1073 Ἰσότης
512 985 670 1057 demum·
689 1008 762 1057 non
787 1008 897 1057 causa
918 983 1089 1056 amicitiae
1113 986 1178 1058 scd
1203 986 1307 1057 elfec-

255 1116 315 1183 tus
348 1133 356 1183 :
388 1134 461 1183 nen
490 1109 601 1183 elficit
639 1108 854 1192 amicitiam,
891 1109 955 1183 sed
986 1114 1114 1182 contra
1146 1109 1309 1184 amicitia

255 1235 425 1308 efficitur.
1042 1204 1048 1231 '

307 1359 485 1446 Quoniam
507 1358 645 1431 amicus
662 1358 822 1456 impares
837 1357 1010 1441 diximus
1032 1359 1063 1431 si
1076 1359 1182 1431 alteri
1200 1360 1310 1432 maxi·

257 1507 367 1566 mam,
402 1483 593 1554 minimam
623 1505 708 1554 vern
741 1481 849 1554 alteri
889 1480 1063 1555 virtutem
1096 1482 1307 1557 attribueri-

257 1632 351 1689 mns,
370 1630 506 1703 eosque
522 1605 620 1679 inter
635 1629 673 1679 se
710 1605 963 1704 discrepantes
985 1630 1038 1710 ‘ac
1075 1606 1243 1704 dispares
1263 1609 1306 1682 ad

256 1733 402 1806 libitum
423 1731 652 1810 finxerimus,
690 1729 749 1802 hic
778 1730 889 1802 etiam
910 1730 1131 1826 exigendum
1166 1732 1236 1805 erit
1269 1738 1310 1806 ut

255 1856 333 1930 fieri
362 1855 479 1954 pessit
508 1879 551 1928 cs
576 1854 781 1950 aequalitas,
806 1854 876 1926 nisi
894 1854 987 1927 forte
1004 1854 1040 1926 in
1071 1855 1150 1952 ejus
1179 1857 1307 1929 desmi-

255 1981 355 2054 tione
371 1979 629 2053 erraverimus.

303 2104 468 2202 Exempli
506 2103 637 2199 gratia.
674 2104 722 2176 sit
751 2104 845 2176 alter
878 2127 921 2175 cx
950 2103 1120 2178 terminis
1156 2107 1305 2186 nostris,

254 2232 349 2302 lleus
378 2228 474 2326 ipse,
505 2227 645 2301 scilicet
669 2228 699 2299 is
728 2250 802 2322 qun
829 2251 937 2300 neme
966 2234 1141 2325 praestare
1174 2231 1311 2303 valent

169 2375 171 2378 ⁴
255 2353 365 2451 Cujus
402 2353 557 2426 infinitae
590 2337 736 2452 virtuti,
778 2352 984 2434 infinitum,
1015 2358 1056 2425 ut
1089 2355 1153 2426 fiat
1186 2378 1307 2451 aequa·

257 2479 354 2572 litas,
383 2501 546 2551 amorem
575 2476 695 2549 omnis
718 2477 827 2549 hcmc
847 2477 987 2550 debet:
1017 2477 1156 2551 homini
1186 2487 1310 2554 autem

257 2601 400 2674 nullum
439 2625 460 2673 a
501 2603 575 2673 Dee
613 2623 776 2674 amorem
815 2601 941 2673 deberi
974 2600 1059 2697 jure
1097 2626 1140 2675 ac
1180 2605 1310 2678 merito

256 2726 377 2799 dicere
393 2725 610 2823 poterimus,
633 2725 721 2821 quia
737 2749 813 2822 pree
832 2725 958 2798 divina
977 2726 1113 2799 virtute
1149 2728 1311 2802 hnmana

211 2826 214 2833 ,
255 2851 385 2933 virtus
409 2850 554 2922 etiamsi
571 2850 731 2922 maxima
747 2850 987 2945 excogitetnr,
1009 2851 1112 2923 nulla
1126 2861 1194 2926 est.
1223 2854 1310 2928 Inde

256 2981 432 3072 sequetur
449 2978 488 3048 ut
502 2977 598 3047 Deus
627 2974 767 3047 homiui
800 2975 903 3048 nullo
931 2980 1038 3073 pacto
1069 2977 1210 3052 amicus
1230 3002 1310 3052 esse

256 3105 381 3198 queat.
756 3079 757 3082 Ἴ

304 3224 419 3311 Quam
440 3224 741 3320 consequentiam
759 3248 832 3298 n0n
849 3225 886 3297 in
899 3226 1037 3299 Ethicis
1058 3227 1310 3302 Nicomacheis

256 3350 437 3448 expressit
469 3347 697 3422 Aristoteles.
734 3349 804 3422 Sed
836 3354 915 3422 tum
937 3350 975 3423 in
1006 3349 1146 3446 Magnis
1162 3353 1309 3427 Morali-

256 3475 325 3546 bns
352 3475 419 3568 (l),
450 3480 530 3544 tum
558 3495 686 3544 rursus
720 3471 758 3544 in
778 3472 916 3547 Ethicis
948 3474 1133 3548 dudemiis
1161 3476 1214 3571 (dl
1235 3501 1309 3550 non

254 3598 367 3671 semel
389 3597 625 3695 reperiuntur
649 3595 921 3692 hujuscemodi
948 3598 1144 3674 sententiae
1162 3623 1170 3674 :
1190 3601 1308 3674 homi·

258 3745 340 3795 nem
361 3720 541 3796 sciliceta
568 3723 642 3794 Deo
662 3744 736 3794 nnn
760 3744 868 3818 pesse
890 3722 1007 3819 diligi,
1030 3724 1206 3820 qnoniam
1227 3726 1308 3798 infi-

288 4017 326 4079 ll)
342 4017 445 4070 Γελοῖον
459 4016 506 4087 γὰρ
525 4016 594 4074 εἴτις
614 4013 728 4085 ἐγκαλοίη
749 4019 783 4085 τῷ
800 4015 846 4084 0εῲ
864 4012 900 4067 ὅτι
920 4014 968 4089 οὐχ
983 4016 1075 4088 ὁμοίως
1095 4016 1122 4070 τὸ
1138 4013 1310 4089 ἀντιφιλεῖσθαι

250 4106 287 4157 ne
300 4106 414 4176 φιλεῖται.
431 4093 511 4172 (inor.
529 4105 612 4169 neu,
629 4104 687 4159 un.
704 4105 760 4169 vn,
773 4120 832 4175 cap
849 4105 895 4170 m,
912 4104 930 4157 1.
947 4104 1003 4175 ιι.)

287 4195 325 4262 (02)
347 4193 393 4248 Διὸ
417 4193 447 4260 δὴ
469 4194 523 4247 οὔτε
545 4194 589 4259 τὴν
609 4193 670 4266 πρὸς
687 4192 729 4246 τὸν
750 4192 804 4246 θεὸν
826 4194 907 4265 φιλίαν
931 4192 1089 4267 ἐπιζητοῦμεν
1111 4197 1165 4250 οὕτε
1187 4196 1230 4264 τὴν
1251 4197 1309 4267 πρὸς

249 4285 280 4336 τὶ
303 4280 400 4356 ἄψυχα,
427 4279 493 4336 ἀλλά
515 4281 558 4348 τὴν
579 4282 639 4353 πρὸς
661 4282 692 4335 τὰ
712 4283 825 4354 ἔμψυχα,
849 4286 888 4337 καὶ
912 4282 971 4354 πρὸς
996 4291 1072 4340 ταῦτα
1092 4283 1115 4338 ἐν
1141 4274 1175 4346 οἷς
1204 4283 1253 4341 ἐστὶ
1281 4305 1309 4338 το

247 4373 391 4445 arripient.
409 4372 509 4444 (Mapu.
522 4372 606 4438 Mor,
623 4370 680 4438 Lib.
702 4371 736 4436 ll,
750 4386 810 4453 cap.
822 4371 872 4439 Xl,
889 4372 907 4426 l.
923 4371 983 4445 ld)
