3074 5198
672 608 828 669 ..gi-

269 741 452 824 Attamen,
470 741 582 814 tacito
602 742 763 838 quodam
779 742 876 814 inter
889 746 1056 839 pactores
1069 745 1279 825 contractu,

220 876 348 938 reatum
371 840 701 963 pretiiindieatur.
724 865 836 960 Finge
865 865 1045 939 musicum
1080 865 1278 962 quemdam

220 987 285 1084 qui
300 1011 368 1086 pro
387 988 614 1062 carminibus
634 989 829 1088 pecuniam
849 994 922 1063 ate
939 994 1152 1089 exspectet:
1175 988 1279 1063 nullo

222 1112 330 1186 modo
358 1111 519 1208 allegare
545 1113 685 1211 poteris
710 1118 748 1186 te
777 1136 885 1211 pares
914 1113 1075 1188 rationes
1104 1137 1187 1187 cum
1215 1112 1280 1186 illo

222 1236 357 1311 babere
385 1243 496 1335 atque
522 1238 684 1337 pretium
710 1237 877 1311 debitum
906 1239 939 1312 ei
965 1237 1150 1322 retulisse,
1169 1237 1200 1311 si
1223 1261 1279 1312 re-

220 1363 385 1460 poscenti
442 1386 631 1447 nummos,
680 1363 1042 1459 congratulationum
1096 1387 1277 1439 summam

92 1502 108 1529 ⁴
220 1487 454 1583 persolveris

268 1612 358 1684 ltem
391 1612 429 1700 in
467 1612 653 1686 amicitiis.
691 1614 727 1686 Si
755 1613 908 1696 amicus,
943 1613 1119 1686 virtutem
1159 1611 1277 1686 amico

219 1735 419 1834 pollicitus,
435 1736 749 1810 oblectamentum
764 1739 873 1811 modo
891 1737 948 1811 vel
971 1738 1169 1810 utilitatem
1189 1760 1279 1836 prae-

218 1860 352 1944 buerit,
377 1860 483 1935 illum
504 1861 724 1935 adulterinis
741 1862 903 1935 nummis
920 1886 1029 1936 usum
1049 1886 1128 1935 esse
1139 1861 1222 1958 jure
1237 1886 1280 1935 ao

218 1985 349 2058 merito
370 1986 549 2059 dicemus.
573 1985 676 2072 Quod
701 1985 851 2084 quidem
872 1986 1006 2085 saepius
1021 1987 1167 2060 evenire
1185 1986 1278 2060 solet

216 2133 331 2206 uiuum
351 2109 459 2183 amici
473 2134 604 2183 sensus
620 2116 868 2193 mutaverunt,
889 2133 1010 2206 neque
1026 2111 1155 2207 quales
1167 2110 1274 2183 initio

216 2235 375 2318 fuerant,
420 2235 517 2307 ultra
563 2239 862 2333 permanserunt.
911 2235 948 2307 Si
988 2235 1073 2331 quis
1112 2234 1274 2333 aliquem

217 2364 367 2457 propter
396 2358 569 2433 virtutem
591 2359 629 2431 in
650 2359 850 2432 amicitiam
875 2359 1072 2458 acceperit,
1100 2363 1213 2457 atque
1246 2359 1276 2431 is

215 2488 343 2582 postea
359 2507 397 2557 se
418 2507 492 2555 non
512 2483 632 2556 virum
649 2483 801 2568 bouum,
820 2484 884 2557 sed
912 2483 1171 2557 tantummodo
1192 2507 1273 2579 gra·

214 2615 339 2681 tumve
358 2614 423 2682 aut
442 2608 571 2682 utilem
591 2608 809 2692 ostenderit,
833 2632 955 2682 nonne
976 2633 1087 2682 causa
1106 2609 1177 2682 erit
1210 2632 1275 2682 cur

214 2733 377 2806 amicitia
397 2733 621 2806 dirimatur?

261 2858 315 2930 Ad
330 2880 411 2931 cam
426 2857 539 2953 igitur
554 2857 811 2930 subdifficilem
826 2857 995 2930 venimus
1015 2857 1271 2954 quaestionem,

214 3007 302 3056 num
323 2982 377 3055 fas
398 2982 447 3056 sit
463 2982 755 3056 necessitudines
772 3005 936 3078 unquam
955 2982 1121 3056 dissolvi.

261 3106 440 3191 Profecto,
471 3107 617 3205 quoties
637 3107 683 3180 de
709 3107 882 3180 amicitiis
903 3111 1054 3205 propter
1075 3106 1272 3180 utilitatem

212 3238 276 3305 eut
289 3231 516 3330 voluptatem
532 3232 745 3305 constitutis
759 3237 900 3327 agetur,
913 3232 1039 3306 nullus
1051 3232 1120 3305 erit
1131 3239 1272 3305 contro-

212 3358 340 3431 versiae
365 3358 478 3431 locus.
501 3357 659 3440 Etenim,
678 3359 853 3454 quoniam
872 3357 1084 3453 hujusmodi
1100 3357 1272 3430 amicitiae

211 3506 231 3554 e
251 3483 354 3555 nulla
368 3481 442 3555 alia
458 3505 569 3555 cansa
588 3482 765 3581 pendent,
789 3482 892 3554 nulla
912 3483 1054 3555 ratione
1076 3488 1267 3576 reguntur,

211 3606 434 3705 aprincipio
450 3606 553 3680 nullo
574 3607 754 3701 originem
772 3599 914 3680 ducunt
934 3606 1005 3679 nisi
1026 3614 1090 3679 aut
1110 3631 1270 3680 commo-

210 3731 325 3804 ditate
341 3737 405 3804 aut
419 3711 704 3815 oblectamento,
725 3732 787 3805 ubi
804 3731 1115 3805 oblectamentum
1125 3755 1167 3803 ao
1178 3754 1271 3805 com·

210 3857 368 3931 moditas
386 3858 486 3931 -forte
510 3857 657 3931 sublata
683 3857 835 3941 fuerint,
859 3857 970 3931 simul
991 3857 1151 3940 cessabit
1175 3859 1264 3930 ami-

210 3981 308 4056 citia.
334 3983 486 4080 Nempe,
523 3987 564 4055 ut
591 3983 696 4055 aiunt
730 3982 959 4081 philosophi,
986 3982 1132 4055 sublata
1156 4006 1267 4056 causa

209 4105 355 4180 tollitur
369 4108 533 4181 effectus.
914 4176 918 4182 .

258 4233 422 4306 Amicum
438 4236 561 4305 antem
577 4255 688 4329 quem
708 4255 772 4330 pro
787 4232 860 4330 ipso
875 4232 1062 4317 dilexeris,
1078 4231 1211 4329 cuique
1228 4238 1264 4306 et

208 4356 411 4441 caritatem,
452 4361 489 4430 et
520 4356 827 4440 benevolentiam,
861 4362 897 4430 et
927 4357 1049 4440 tidem,
1088 4362 1263 4456 tanquam

1037 4490 1052 4543 a
