3074 5198
656 613 823 671 ...43-

206 769 290 818 eum
321 769 432 842 quam
456 744 697 819 utilissimum
730 747 809 818 lieri
844 745 1046 844 exoptabit,
1078 751 1189 842 atque
1226 753 1264 819 ut

207 869 397 942 sodalibus
431 871 548 966 magis
573 875 685 967 atque
702 871 819 965 magis
836 871 1011 969 prodesse
1030 871 1148 969 possit
1164 894 1262 944 sum-

207 1016 265 1067 mo
296 1017 407 1090 opere
428 995 553 1092 cupiet
580 999 692 1091 atque
728 994 917 1086 enitatur;
941 994 1005 1091 qui
1026 1000 1180 1093 propter
1203 995 1263 1091 ju·

207 1118 444 1202 cunditatem,
463 1117 774 1215 jucundissimum
793 1140 800 1191 :
823 1119 886 1214 qui
902 1123 1055 1216 propter
1069 1119 1204 1216 ipsum,
1223 1125 1264 1191 ut

206 1241 256 1314 ita
267 1242 389 1315 dicam
409 1244 631 1340 ipsissimum,
650 1243 748 1316 volet
767 1250 880 1340 atquc
896 1244 1039 1316 efficiet.

254 1366 443 1451 Quocirca,
466 1367 529 1463 qui
550 1372 704 1466 propter
723 1369 957 1440 commodum
978 1391 1021 1440 ac
1036 1369 1262 1467 voluptatem

205 1491 405 1564 amicitiam
437 1494 588 1591 expetit,
621 1495 653 1565 is
681 1516 754 1565 non
788 1493 909 1590 ipsum
946 1492 1147 1576 bominem,
1189 1518 1261 1566 non

205 1617 312 1688 alurici
335 1640 530 1714 personam
558 1616 692 1713 diligit,
716 1618 892 1713 quoniam
919 1616 969 1701 id,
992 1641 1102 1715 aquo
1128 1619 1264 1716 pendet

207 1741 346 1814 utilitas
359 1765 402 1814 ac
416 1741 606 1836 gaudium,
625 1741 810 1815 nobismet
826 1741 917 1839 ipsis
932 1741 1087 1815 fortuito
1107 1744 1259 1826 accedit,

205 1869 315 1963 atque
330 1865 547 1939 observatur
561 1865 740 1964 temporis
759 1888 883 1949 causa,
907 1866 1089 1940 lubricum
1110 1869 1260 1964 quidem

204 1998 240 2064 et
268 1992 420 2073 fluxum,
453 1992 588 2064 nedum
623 1998 755 2063 natura
776 1990 931 2063 insitum
960 1998 997 2063 et
1025 2015 1142 2088 usque
1164 2017 1262 2066 man·

204 2138 344 2189 surum.

252 2239 355 2326 Quod
379 2240 410 2313 si
444 2264 569 2313 earum
604 2240 801 2337 quemdam
832 2239 959 2323 habes,
978 2241 1065 2333 quia
1096 2242 1260 2341 locuples

202 2369 271 2448 est,
301 2370 365 2438 aut
393 2364 480 2460 quia
500 2365 697 2447 formosus,
714 2370 751 2437 et
762 2363 916 2460 juventa
930 2367 1080 2451 florens,
1102 2367 1260 2440 sublatis

202 2490 296 2562 forte
316 2488 467 2572 divitiis,
490 2488 546 2562 vel
567 2489 777 2562 comannis
806 2490 1065 2563 recedentibus
1093 2491 1258 2588 pulchri-

202 2614 331 2686 tudine
370 2637 413 2686 ae
444 2613 668 2696 valetudine,
700 2619 778 2686 tum
805 2614 970 2686 detracta
992 2614 1075 2687 ideo
1095 2615 1259 2690 caritatis

203 2762 326 2821 causa,
356 2739 526 2811 eumdem
542 2737 696 2832 diligere
712 2737 872 2810 desines.

230 2861 355 2946 'Quod
388 2863 420 2935 si
451 2887 525 2935 non
551 2864 598 2935 ad
623 2862 741 2959 ipsam
764 2885 959 2959 personam
986 2865 1147 2960 pertinet
1165 2867 1255 2940 ami·

202 2987 301 3071 citia,
320 2988 385 3061 sed
400 2989 447 3060 ad
462 2987 498 3060 id
514 2987 613 3082 quod
628 2986 684 3058 vel
700 2986 862 3068 fortuna,
884 2986 940 3058 vel
956 2991 1074 3071 rotate,
1097 2990 1154 3061 vel
1170 3013 1256 3065 casu

201 3111 327 3207 aliquo
347 3135 514 3210 personae
529 3111 639 3183 fuerit
663 3110 844 3193 additum,
873 3110 937 3183 ubi
957 3111 1014 3184 hae
1032 3113 1178 3186 caducae
1199 3117 1257 3189 de·

79 3269 87 3287 1
201 3235 354 3309 fecerint
373 3235 682 3333 opportunitates,
705 3257 809 3307 amor
826 3234 928 3307 nullo
943 3241 1050 3334 pacto
1062 3261 1255 3336 superesse

189 3361 349 3460 poterit.

251 3486 338 3572 Quae
366 3509 481 3582 quum
508 3486 561 3558 ita
589 3485 675 3566 siut,
712 3491 753 3556 ut
776 3484 980 3581 expleatur
1016 3511 1143 3560 verum
1168 3490 1256 3562 ami-

200 3609 294 3682 citiae
309 3634 457 3694 munus,
476 3633 574 3684 nunc.
592 3608 877 3703 confugiendum
893 3609 940 3680 ad
949 3609 1116 3683 habitum
1131 3635 1255 3710 quem·

200 3737 284 3808 dam
312 3741 446 3808 natura
471 3733 625 3807 insitum
653 3733 809 3829 ideoque
843 3755 1057 3830 perennem,
1094 3736 1157 3833 qui
1189 3762 1255 3811 nec

200 3859 341 3934 vicibus
369 3858 602 3942 commutari,
625 3881 693 3930 nee
718 3857 867 3931 fortuna
886 3862 950 3930 aut
969 3858 1097 3933 morbo
1126 3860 1252 3946 levari,

200 4010 267 4060 nee
298 3985 333 4058 vi
371 3985 497 4082 aliqua
527 4008 549 4057 a
584 3983 690 4057 nobis
730 4004 892 4079 unquam
931 3983 1076 4057 detrahi
1114 3987 1253 4085 possit3

201 4134 321 4209 neque
336 4109 454 4185 ullum
470 4109 584 4183 alium
605 4107 770 4181 invenies
785 4111 920 4206 praeter
938 4105 1126 4182 virtutem.

249 4235 364 4311 Unius
399 4234 499 4309 enim
523 4232 672 4307 virtutis
692 4231 882 4332 proprium
915 4239 972 4306 est.
1004 4233 1153 4308 sibimet
1186 4237 1255 4335 ipsi

200 4361 455 4436 indesinenter
483 4365 664 4442 constare,
702 4361 812 4455 atque
842 4346 978 4444 animo,
1002 4358 1255 4457 inqnoscmel
