3074 5198
683 613 821 672 ...9,

221 744 353 838 magis,
377 742 658 842 praesertimque
681 745 779 842 apud
805 749 1002 827 nostrates,
1032 742 1274 817 ratiocinandi

220 893 394 966 suprema
414 869 473 942 lex
493 869 621 943 habita
641 874 709 943 est.

268 994 498 1092 Empedoclis
510 997 568 1089 (l)
578 994 922 1091 igitorsententiam
934 999 1196 1068 commemorat
1210 995 1274 1090 qm

222 1119 382 1225 nullam,
421 1120 492 1194 nisi
524 1121 621 1193 inter
645 1120 805 1201 similia,
835 1119 1036 1193 amicitiam
1067 1143 1148 1193 esse
1168 1143 1274 1217 posse

221 1245 433 1318 contendit:
457 1245 542 1317 dein
564 1244 736 1318 Heracliti
753 1245 820 1339 (ἓ),
844 1245 943 1342 apud
970 1268 1080 1341 qoem
1097 1245 1200 1317 nulla
1219 1251 1275 1316 est

219 1368 393 1451 anricitia,
421 1369 476 1443 vel
496 1370 620 1467 potius
641 1369 743 1442 nulla
764 1370 920 1442 duorum
942 1373 1006 1441 ant
1028 1368 1271 1442 animantium

219 1496 420 1565 antrorum
443 1494 567 1566 anima
587 1472 791 1567 carentiam
812 1493 1013 1591 copulatio,
1033 1493 1104 1567 nisi
1124 1488 1272 1566 cx'con-

220 1616 342 1690 trariis
367 1639 375 1690 :
399 1641 529 1714 nempe
550 1618 699 1690 vocibus
724 1623 803 1690 tum
823 1617 1009 1713 gravibus,
1040 1623 1119 1689 tum
1140 1618 1270 1700 acutis,

219 1764 292 1812 una
312 1740 479 1838 prolatis,
505 1742 604 1814 nasci
622 1741 867 1814 harmoniam.
899 1741 935 1814 si
951 1742 997 1813 ad
1013 1741 1189 1814 animalia
1216 1765 1272 1814 re·

219 1864 395 1962 spexeris,
414 1889 551 1960 genera
564 1889 632 1963 per
648 1865 761 1938 maris
781 1865 1002 1962 feminaeque
1021 1865 1157 1938 coitum
1173 1866 1272 1961 gigni

219 1991 467 2085 continuoque
488 1989 658 2063 renovari
674 1989 945 2063 animadvertes
963 2012 970 2063 :
990 1989 1040 2062 ita
1057 1995 1097 2062 ut
1116 1990 1275 2088 philoso-

219 2113 295 2211 plii,
323 2115 386 2186 alii
409 2114 534 2197 aliam,
564 2140 631 2213 pro
651 2115 830 2212 cujusque
851 2114 1011 2210 ingenio,
1035 2115 1199 2212 ejusdem
1221 2116 1272 2186 rei

218 2237 499 2334 explicationem
542 2238 786 2336 protnlerint,
821 2243 932 2336 atque
971 2238 1067 2312 inter
1106 2244 1272 2310 amantes

217 2362 431 2445 amicitiam,
455 2363 552 2436 inter
571 2388 630 2436 res
656 2364 779 2436 anima
799 2368 965 2436 carentes
985 2362 1269 2444 concretionem,

218 2509 237 2558 e
260 2487 517 2583 conjonctione
542 2488 823 2570 elementorum,
848 2488 904 2560 vel
921 2487 1098 2562 similium
1114 2487 1170 2560 vel
1193 2511 1274 2560 con-

218 2611 430 2696 trariorum,
454 2613 615 2710 pondere
631 2612 705 2685 sint
725 2612 907 2685 arbitrati.

267 2735 332 2807 llic
360 2737 596 2810 attendamus
627 2737 792 2810 Platonis
822 2737 1034 2834 opinionem
1059 2737 1105 2808 ab
1134 2736 1292 2810 Aristo--

217 2860 289 2931 telo
316 2860 468 2932 nomino
493 2861 607 2934 foisse
635 2860 933 2959 pretermissam.
968 2861 1046 2946 Qua
1075 2860 1273 2934 omissione

218 2985 426 3057 confirmari
467 2985 614 3059 videtur
642 2986 823 3081 judicium
859 2985 951 3058 illud
987 2987 1031 3058 de
1063 2984 1144 3083 Lysi
1180 3008 1274 3082 ampo

219 3110 451 3205 productum,
484 3109 675 3182 Platonem
693 3109 863 3183 videlicet
885 3134 967 3206 quae
991 3134 1064 3183 non
1088 3111 1136 3183 sit
1153 3109 1276 3182 amici-
1316 3155 1319 3160 -

218 3233 269 3304 tia
286 3233 408 3330 potins
428 3257 539 3329 quam
555 3257 637 3330 qnae
653 3233 702 3306 sit
723 3233 760 3305 in
783 3234 851 3306 hoc
871 3233 1019 3329 dialogo
1036 3234 1237 3307 definiisse.

266 3357 335 3430 Sed
370 3363 409 3427 ot
433 3358 480 3429 ad
507 3357 763 3455 Empedoclem
787 3356 1087 3453 lleraclitumquo
1113 3363 1272 3431 reverta-

219 3503 313 3566 mnr,
334 3504 405 3553 noir
427 3480 464 3552 in
482 3480 695 3553 hominibus
713 3482 833 3554 solum
854 3481 917 3554 sed
939 3481 974 3553 in
999 3481 1110 3554 rebus
1123 3488 1273 3554 natura·

218 3603 314 3676 libus
343 3603 453 3676 otiam
475 3603 675 3676 amicitiam
699 3604 990 3677 consideravisse
1006 3604 1081 3678 illis
1096 3605 1274 3702 placitum

216 3734 285 3810 est,
309 3734 420 3824 atque
435 3728 487 3800 ita
507 3729 750 3824 questionem
767 3729 864 3802 ultra
885 3730 1078 3826 praesentis
1093 3730 1273 3828 propositi

217 3855 308 3926 lines
336 3853 590 3949 prolatavisse.
615 3856 718 3927 Nunc
737 3878 836 3936 vero,
862 3878 934 3927 non
959 3855 1004 3926 de
1027 3855 1198 3928 universa
1218 3879 1273 3927 rc-

217 4002 298 4049 rom
329 3984 473 4058 natora,
508 4004 572 4075 per
596 3979 664 4052 odii
684 3980 879 4076 (terrorisque
905 3984 1027 4053 motus
1056 3977 1274 4076 explicanda

252 4295 287 4357 (l)
312 4295 371 4350 llll.
388 4296 462 4359 o'i'e,
478 4296 535 4349 lio.
557 4297 693 4367 l'lll‚cap.
708 4299 727 4350 l.

253 4384 290 4453 (fl)
307 4383 373 4439 loto.
