<?xml version="1.0" encoding="UTF-8"?>
<!DOCTYPE html PUBLIC "-//W3C//DTD XHTML 1.0 Transitional//EN"
    "http://www.w3.org/TR/xhtml1/DTD/xhtml1-transitional.dtd">
<html xmlns="http://www.w3.org/1999/xhtml" xml:lang="en" lang="en">
 <head>
  <title>
</title>
<meta http-equiv="Content-Type" content="text/html;charset=utf-8" />
  <meta name='ocr-system' content='tesseract 3.04.00' />
  <meta name='ocr-capabilities' content='ocr_page ocr_carea ocr_par ocr_line ocrx_word'/>
</head>
<body>
  <div class='ocr_page' id='page_1' title='image "./deamicitiaapuda00krangoog_0045.png"; bbox 0 0 3074 5198; ppageno 0'>
   <div class='ocr_carea' id='block_1_1' title="bbox 717 599 872 660">
    <p class='ocr_par' dir='ltr' id='par_1_1' title="bbox 717 599 872 660">
     <span class='ocr_line' id='line_1_1' title="bbox 717 599 872 660; baseline 0.006 -17"><span class='ocrx_word' id='word_1_1' title='bbox 717 599 872 660; x_wconf 64' lang='lat'><em>...28-</em></span> 
     </span>
    </p>
   </div>
   <div class='ocr_carea' id='block_1_2' title="bbox 220 730 1331 4167">
    <p class='ocr_par' dir='ltr' id='par_1_2' title="bbox 268 730 1327 1947">
     <span class='ocr_line' id='line_1_2' title="bbox 268 730 1322 838; baseline 0 -36"><span class='ocrx_word' id='word_1_2' title='bbox 268 752 349 803; x_wconf 88' lang='lat' dir='ltr'>rum</span> <span class='ocrx_word' id='word_1_3' title='bbox 369 731 601 838; x_wconf 84' lang='lat' dir='ltr'>documenta,</span> <span class='ocrx_word' id='word_1_4' title='bbox 625 732 732 827; x_wconf 84' lang='lat' dir='ltr'>louge</span> <span class='ocrx_word' id='word_1_5' title='bbox 747 732 855 806; x_wconf 89' lang='lat' dir='ltr'>aliter</span> <span class='ocrx_word' id='word_1_6' title='bbox 876 756 934 805; x_wconf 89' lang='lat' dir='ltr'>res</span> <span class='ocrx_word' id='word_1_7' title='bbox 954 755 1034 806; x_wconf 90' lang='lat' dir='ltr'>sese</span> <span class='ocrx_word' id='word_1_8' title='bbox 1055 731 1229 805; x_wconf 91' lang='lat' dir='ltr'>habuisse</span> <span class='ocrx_word' id='word_1_9' title='bbox 1251 730 1322 803; x_wconf 89' lang='lat' dir='ltr'>rati</span> 
     </span>
     <span class='ocr_line' id='line_1_3' title="bbox 268 855 1322 961; baseline 0.001 -34"><span class='ocrx_word' id='word_1_10' title='bbox 268 879 408 928; x_wconf 93' lang='lat' dir='ltr'>sumus.</span> <span class='ocrx_word' id='word_1_11' title='bbox 425 855 567 954; x_wconf 83' lang='lat' dir='ltr'>Quippe</span> <span class='ocrx_word' id='word_1_12' title='bbox 580 856 716 952; x_wconf 91' lang='lat' dir='ltr'>quibus</span> <span class='ocrx_word' id='word_1_13' title='bbox 732 857 925 930; x_wconf 77' lang='lat' dir='ltr'>societates</span> <span class='ocrx_word' id='word_1_14' title='bbox 940 856 1132 961; x_wconf 91' lang='lat' dir='ltr'>bominum</span> <span class='ocrx_word' id='word_1_15' title='bbox 1143 857 1322 954; x_wconf 89' lang='lat' dir='ltr'>paulatim</span> 
     </span>
     <span class='ocr_line' id='line_1_4' title="bbox 269 979 1327 1079; baseline 0.001 -27"><span class='ocrx_word' id='word_1_16' title='bbox 269 979 467 1054; x_wconf 80' lang='lat' dir='ltr'>increvisse</span> <span class='ocrx_word' id='word_1_17' title='bbox 491 981 699 1063; x_wconf 85' lang='lat' dir='ltr'>videantur,</span> <span class='ocrx_word' id='word_1_18' title='bbox 729 982 852 1079; x_wconf 86' lang='lat' dir='ltr'>parvis</span> <span class='ocrx_word' id='word_1_19' title='bbox 883 982 1003 1077; x_wconf 82' lang='lat' dir='ltr'>globis</span> <span class='ocrx_word' id='word_1_20' title='bbox 1032 986 1134 1063; x_wconf 72' lang='lat' dir='ltr'>oua,</span> <span class='ocrx_word' id='word_1_21' title='bbox 1163 988 1276 1078; x_wconf 88' lang='lat' dir='ltr'>atque</span> <span class='ocrx_word' id='word_1_22' title='bbox 1305 1006 1327 1053; x_wconf 95' lang='lat' dir='ltr'>a</span> 
     </span>
     <span class='ocr_line' id='line_1_5' title="bbox 269 1103 1324 1204; baseline 0.002 -29"><span class='ocrx_word' id='word_1_23' title='bbox 269 1103 409 1177; x_wconf 77' lang='lat' dir='ltr'>familia</span> <span class='ocrx_word' id='word_1_24' title='bbox 428 1105 466 1176; x_wconf 91' lang='lat' dir='ltr'>in</span> <span class='ocrx_word' id='word_1_25' title='bbox 492 1106 691 1187; x_wconf 89' lang='lat' dir='ltr'>civitatem,</span> <span class='ocrx_word' id='word_1_26' title='bbox 721 1105 854 1179; x_wconf 84' lang='lat' dir='ltr'>deinde</span> <span class='ocrx_word' id='word_1_27' title='bbox 874 1131 896 1178; x_wconf 93' lang='lat' dir='ltr'>a</span> <span class='ocrx_word' id='word_1_28' title='bbox 920 1106 1066 1179; x_wconf 90' lang='lat' dir='ltr'>civitate</span> <span class='ocrx_word' id='word_1_29' title='bbox 1095 1106 1132 1178; x_wconf 95' lang='lat' dir='ltr'>in</span> <span class='ocrx_word' id='word_1_30' title='bbox 1164 1108 1324 1204; x_wconf 90' lang='lat' dir='ltr'>Rempu·</span> 
     </span>
     <span class='ocr_line' id='line_1_6' title="bbox 269 1228 1323 1329; baseline 0.002 -29"><span class='ocrx_word' id='word_1_31' title='bbox 269 1228 402 1300; x_wconf 90' lang='lat' dir='ltr'>blicam</span> <span class='ocrx_word' id='word_1_32' title='bbox 437 1229 574 1302; x_wconf 90' lang='lat' dir='ltr'>sensim</span> <span class='ocrx_word' id='word_1_33' title='bbox 611 1230 726 1303; x_wconf 87' lang='lat' dir='ltr'>fuisse</span> <span class='ocrx_word' id='word_1_34' title='bbox 759 1233 948 1312; x_wconf 81' lang='lat' dir='ltr'>conflatas,</span> <span class='ocrx_word' id='word_1_35' title='bbox 984 1230 1111 1302; x_wconf 86' lang='lat' dir='ltr'>addito</span> <span class='ocrx_word' id='word_1_36' title='bbox 1144 1231 1323 1329; x_wconf 93' lang='lat' dir='ltr'>temporis</span> 
     </span>
     <span class='ocr_line' id='line_1_7' title="bbox 270 1353 1325 1452; baseline 0.002 -28"><span class='ocrx_word' id='word_1_37' title='bbox 270 1359 456 1426; x_wconf 91' lang='lat' dir='ltr'>momento</span> <span class='ocrx_word' id='word_1_38' title='bbox 476 1376 482 1426; x_wconf 93' lang='lat'><strong>:</strong></span> <span class='ocrx_word' id='word_1_39' title='bbox 507 1354 558 1425; x_wconf 92' lang='lat' dir='ltr'>ita</span> <span class='ocrx_word' id='word_1_40' title='bbox 575 1360 614 1426; x_wconf 88' lang='lat' dir='ltr'>ut</span> <span class='ocrx_word' id='word_1_41' title='bbox 634 1354 796 1426; x_wconf 81' lang='lat' dir='ltr'>minimae</span> <span class='ocrx_word' id='word_1_42' title='bbox 813 1353 989 1427; x_wconf 89' lang='lat' dir='ltr'>maximas</span> <span class='ocrx_word' id='word_1_43' title='bbox 1014 1354 1193 1452; x_wconf 88' lang='lat' dir='ltr'>paulatim</span> <span class='ocrx_word' id='word_1_44' title='bbox 1215 1378 1325 1452; x_wconf 91' lang='lat' dir='ltr'>pepe-</span> 
     </span>
     <span class='ocr_line' id='line_1_8' title="bbox 270 1477 1327 1576; baseline 0.004 -29"><span class='ocrx_word' id='word_1_45' title='bbox 270 1477 398 1561; x_wconf 91' lang='lat' dir='ltr'>rerint,</span> <span class='ocrx_word' id='word_1_46' title='bbox 419 1478 553 1550; x_wconf 88' lang='lat' dir='ltr'>nedum</span> <span class='ocrx_word' id='word_1_47' title='bbox 572 1477 619 1550; x_wconf 93' lang='lat' dir='ltr'>ab</span> <span class='ocrx_word' id='word_1_48' title='bbox 633 1478 707 1550; x_wconf 94' lang='lat' dir='ltr'>illis</span> <span class='ocrx_word' id='word_1_49' title='bbox 723 1483 900 1575; x_wconf 80' lang='lat' dir='ltr'><strong>tanquam</strong></span> <span class='ocrx_word' id='word_1_50' title='bbox 925 1479 972 1551; x_wconf 91' lang='lat' dir='ltr'>ab</span> <span class='ocrx_word' id='word_1_51' title='bbox 991 1478 1267 1576; x_wconf 83' lang='lat' dir='ltr'>exemplaribus</span> <span class='ocrx_word' id='word_1_52' title='bbox 1285 1503 1327 1551; x_wconf 90' lang='lat' dir='ltr'>ac</span> 
     </span>
     <span class='ocr_line' id='line_1_9' title="bbox 269 1601 1326 1700; baseline 0.001 -28"><span class='ocrx_word' id='word_1_53' title='bbox 269 1601 418 1673; x_wconf 91' lang='lat' dir='ltr'>demum</span> <span class='ocrx_word' id='word_1_54' title='bbox 454 1625 476 1674; x_wconf 92' lang='lat' dir='ltr'>a</span> <span class='ocrx_word' id='word_1_55' title='bbox 506 1602 603 1700; x_wconf 84' lang='lat' dir='ltr'>typis</span> <span class='ocrx_word' id='word_1_56' title='bbox 641 1602 814 1699; x_wconf 68' lang='lat' dir='ltr'>profectae</span> <span class='ocrx_word' id='word_1_57' title='bbox 849 1603 1000 1676; x_wconf 84' lang='lat' dir='ltr'>fuerint.</span> <span class='ocrx_word' id='word_1_58' title='bbox 1037 1603 1140 1688; x_wconf 81' lang='lat' dir='ltr'>Quod</span> <span class='ocrx_word' id='word_1_59' title='bbox 1177 1603 1326 1700; x_wconf 86' lang='lat' dir='ltr'>quidem</span> 
     </span>
     <span class='ocr_line' id='line_1_10' title="bbox 270 1725 1327 1824; baseline 0.004 -28"><span class='ocrx_word' id='word_1_60' title='bbox 270 1729 349 1796; x_wconf 92' lang='lat' dir='ltr'>tum</span> <span class='ocrx_word' id='word_1_61' title='bbox 371 1725 503 1799; x_wconf 88' lang='lat' dir='ltr'>rationi</span> <span class='ocrx_word' id='word_1_62' title='bbox 527 1727 644 1821; x_wconf 83' lang='lat' dir='ltr'>magis</span> <span class='ocrx_word' id='word_1_63' title='bbox 673 1731 975 1810; x_wconf 88' lang='lat' dir='ltr'>consentaneum,</span> <span class='ocrx_word' id='word_1_64' title='bbox 994 1732 1074 1799; x_wconf 94' lang='lat' dir='ltr'>tum</span> <span class='ocrx_word' id='word_1_65' title='bbox 1097 1728 1209 1800; x_wconf 90' lang='lat' dir='ltr'>rebus</span> <span class='ocrx_word' id='word_1_66' title='bbox 1235 1727 1327 1824; x_wconf 89' lang='lat' dir='ltr'>ipsis</span> 
     </span>
     <span class='ocr_line' id='line_1_11' title="bbox 271 1849 617 1947; baseline 0.006 -27"><span class='ocrx_word' id='word_1_67' title='bbox 271 1849 388 1944; x_wconf 82' lang='lat' dir='ltr'>magis</span> <span class='ocrx_word' id='word_1_68' title='bbox 409 1850 617 1947; x_wconf 90' lang='lat' dir='ltr'>probatum.</span> 
     </span>
    </p>

    <p class='ocr_par' dir='ltr' id='par_1_3' title="bbox 246 1975 1331 2944">
     <span class='ocr_line' id='line_1_12' title="bbox 318 1975 1328 2081; baseline 0 -35"><span class='ocrx_word' id='word_1_69' title='bbox 318 1975 465 2081; x_wconf 78' lang='lat' dir='ltr'>Veteres</span> <span class='ocrx_word' id='word_1_70' title='bbox 485 1981 608 2048; x_wconf 89' lang='lat' dir='ltr'>autem</span> <span class='ocrx_word' id='word_1_71' title='bbox 631 1976 841 2075; x_wconf 90' lang='lat' dir='ltr'>philosophi</span> <span class='ocrx_word' id='word_1_72' title='bbox 862 1984 943 2049; x_wconf 92' lang='lat' dir='ltr'>tum</span> <span class='ocrx_word' id='word_1_73' title='bbox 963 1977 1113 2049; x_wconf 92' lang='lat' dir='ltr'>notitias</span> <span class='ocrx_word' id='word_1_74' title='bbox 1130 1999 1266 2059; x_wconf 88' lang='lat' dir='ltr'>rerum,</span> <span class='ocrx_word' id='word_1_75' title='bbox 1290 1975 1328 2047; x_wconf 94' lang='lat' dir='ltr'>in</span> 
     </span>
     <span class='ocr_line' id='line_1_13' title="bbox 272 2099 1329 2199; baseline -0.001 -28"><span class='ocrx_word' id='word_1_76' title='bbox 272 2105 394 2172; x_wconf 90' lang='lat' dir='ltr'>moute</span> <span class='ocrx_word' id='word_1_77' title='bbox 411 2099 553 2182; x_wconf 88' lang='lat' dir='ltr'>insitas,</span> <span class='ocrx_word' id='word_1_78' title='bbox 570 2104 649 2173; x_wconf 93' lang='lat' dir='ltr'>tum</span> <span class='ocrx_word' id='word_1_79' title='bbox 665 2125 723 2174; x_wconf 87' lang='lat' dir='ltr'>res</span> <span class='ocrx_word' id='word_1_80' title='bbox 738 2101 851 2198; x_wconf 90' lang='lat' dir='ltr'>ipsas,</span> <span class='ocrx_word' id='word_1_81' title='bbox 870 2101 1113 2199; x_wconf 85' lang='lat' dir='ltr'>particulares</span> <span class='ocrx_word' id='word_1_82' title='bbox 1130 2124 1174 2173; x_wconf 89' lang='lat' dir='ltr'>ex</span> <span class='ocrx_word' id='word_1_83' title='bbox 1190 2101 1329 2173; x_wconf 89' lang='lat' dir='ltr'>uuiver-</span> 
     </span>
     <span class='ocr_line' id='line_1_14' title="bbox 272 2224 1327 2328; baseline -0.002 -30"><span class='ocrx_word' id='word_1_84' title='bbox 272 2224 322 2298; x_wconf 92' lang='lat' dir='ltr'>sis</span> <span class='ocrx_word' id='word_1_85' title='bbox 347 2229 453 2297; x_wconf 89' lang='lat' dir='ltr'>natas</span> <span class='ocrx_word' id='word_1_86' title='bbox 482 2225 658 2298; x_wconf 89' lang='lat' dir='ltr'>libentius</span> <span class='ocrx_word' id='word_1_87' title='bbox 686 2225 996 2299; x_wconf 83' lang='lat' dir='ltr'>arbitrabantur:</span> <span class='ocrx_word' id='word_1_88' title='bbox 1028 2229 1179 2320; x_wconf 86' lang='lat' dir='ltr'>totaque</span> <span class='ocrx_word' id='word_1_89' title='bbox 1206 2224 1327 2328; x_wconf 39' lang='lat' dir='ltr'>Plato·-</span> 
     </span>
     <span class='ocr_line' id='line_1_15' title="bbox 272 2348 1329 2445; baseline -0.002 -24"><span class='ocrx_word' id='word_1_90' title='bbox 272 2348 330 2421; x_wconf 87' lang='lat' dir='ltr'>uis</span> <span class='ocrx_word' id='word_1_91' title='bbox 350 2348 517 2422; x_wconf 85' lang='lat' dir='ltr'>doctrina</span> <span class='ocrx_word' id='word_1_92' title='bbox 537 2349 643 2422; x_wconf 93' lang='lat' dir='ltr'>illum</span> <span class='ocrx_word' id='word_1_93' title='bbox 664 2349 899 2445; x_wconf 86' lang='lat' dir='ltr'>antiquitatis</span> <span class='ocrx_word' id='word_1_94' title='bbox 925 2373 1074 2422; x_wconf 92' lang='lat' dir='ltr'>sensum</span> <span class='ocrx_word' id='word_1_95' title='bbox 1102 2348 1329 2421; x_wconf 83' lang='lat' dir='ltr'>contraxisse</span> 
     </span>
     <span class='ocr_line' id='line_1_16' title="bbox 246 2474 1331 2572; baseline 0 -26"><span class='ocrx_word' id='word_1_96' title='bbox 246 2498 313 2546; x_wconf 88' lang='lat' dir='ltr'>ac</span> <span class='ocrx_word' id='word_1_97' title='bbox 348 2474 582 2572; x_wconf 90' lang='lat' dir='ltr'>potissimum</span> <span class='ocrx_word' id='word_1_98' title='bbox 624 2474 848 2571; x_wconf 84' lang='lat' dir='ltr'>expressisse</span> <span class='ocrx_word' id='word_1_99' title='bbox 881 2475 1037 2557; x_wconf 83' lang='lat' dir='ltr'>videtur,</span> <span class='ocrx_word' id='word_1_100' title='bbox 1077 2497 1192 2570; x_wconf 83' lang='lat' dir='ltr'>quum</span> <span class='ocrx_word' id='word_1_101' title='bbox 1236 2498 1331 2570; x_wconf 86' lang='lat' dir='ltr'>quae-</span> 
     </span>
     <span class='ocr_line' id='line_1_17' title="bbox 272 2598 1327 2697; baseline -0.001 -27"><span class='ocrx_word' id='word_1_102' title='bbox 272 2622 430 2697; x_wconf 87' lang='lat' dir='ltr'>cumque</span> <span class='ocrx_word' id='word_1_103' title='bbox 445 2604 509 2670; x_wconf 92' lang='lat' dir='ltr'>aut</span> <span class='ocrx_word' id='word_1_104' title='bbox 523 2608 692 2693; x_wconf 82' lang='lat' dir='ltr'>agantur,</span> <span class='ocrx_word' id='word_1_105' title='bbox 712 2603 776 2670; x_wconf 89' lang='lat' dir='ltr'>aut</span> <span class='ocrx_word' id='word_1_106' title='bbox 793 2602 1022 2678; x_wconf 87' lang='lat' dir='ltr'>moveantur,</span> <span class='ocrx_word' id='word_1_107' title='bbox 1034 2603 1099 2670; x_wconf 91' lang='lat' dir='ltr'>aut</span> <span class='ocrx_word' id='word_1_108' title='bbox 1120 2598 1327 2692; x_wconf 79' lang='lat' dir='ltr'>excogiten-</span> 
     </span>
     <span class='ocr_line' id='line_1_18' title="bbox 272 2721 1326 2821; baseline -0.002 -27"><span class='ocrx_word' id='word_1_109' title='bbox 272 2728 346 2804; x_wconf 88' lang='lat' dir='ltr'>tur,</span> <span class='ocrx_word' id='word_1_110' title='bbox 373 2747 394 2795; x_wconf 93' lang='lat' dir='ltr'>a</span> <span class='ocrx_word' id='word_1_111' title='bbox 423 2722 595 2820; x_wconf 85' lang='lat' dir='ltr'>perfectis</span> <span class='ocrx_word' id='word_1_112' title='bbox 616 2722 901 2819; x_wconf 84' lang='lat' dir='ltr'>exemplaribus,</span> <span class='ocrx_word' id='word_1_113' title='bbox 925 2722 1115 2821; x_wconf 86' lang='lat' dir='ltr'>superiore</span> <span class='ocrx_word' id='word_1_114' title='bbox 1136 2722 1216 2795; x_wconf 95' lang='lat' dir='ltr'>loco</span> <span class='ocrx_word' id='word_1_115' title='bbox 1232 2721 1326 2802; x_wconf 92' lang='lat' dir='ltr'>sitis,</span> 
     </span>
     <span class='ocr_line' id='line_1_19' title="bbox 273 2846 1244 2944; baseline -0.004 -24"><span class='ocrx_word' id='word_1_116' title='bbox 273 2847 452 2941; x_wconf 85' lang='lat' dir='ltr'>originem</span> <span class='ocrx_word' id='word_1_117' title='bbox 472 2847 689 2920; x_wconf 79' lang='lat' dir='ltr'>aetermam</span> <span class='ocrx_word' id='word_1_118' title='bbox 710 2849 843 2920; x_wconf 89' lang='lat' dir='ltr'>ducere</span> <span class='ocrx_word' id='word_1_119' title='bbox 863 2849 1028 2944; x_wconf 89' lang='lat' dir='ltr'>professa</span> <span class='ocrx_word' id='word_1_120' title='bbox 1047 2846 1160 2918; x_wconf 87' lang='lat' dir='ltr'>fuerit</span> <span class='ocrx_word' id='word_1_121' title='bbox 1176 2847 1244 2940; x_wconf 83' lang='lat' dir='ltr'>(l).</span> 
     </span>
    </p>

    <p class='ocr_par' dir='ltr' id='par_1_4' title="bbox 220 2969 1331 4065">
     <span class='ocr_line' id='line_1_20' title="bbox 321 2969 1329 3069; baseline -0.003 -27"><span class='ocrx_word' id='word_1_122' title='bbox 321 2969 1329 3069; x_wconf 85' lang='lat' dir='ltr'>ltaqueprincipiumidemidemquetiuiscommunioui</span> 
     </span>
     <span class='ocr_line' id='line_1_21' title="bbox 273 3094 1326 3194; baseline -0.002 -27"><span class='ocrx_word' id='word_1_123' title='bbox 273 3095 425 3168; x_wconf 80' lang='lat' dir='ltr'>cuilibet</span> <span class='ocrx_word' id='word_1_124' title='bbox 453 3119 495 3168; x_wconf 89' lang='lat' dir='ltr'>ac</span> <span class='ocrx_word' id='word_1_125' title='bbox 514 3096 584 3193; x_wconf 93' lang='lat' dir='ltr'>ipsi</span> <span class='ocrx_word' id='word_1_126' title='bbox 605 3096 819 3194; x_wconf 78' lang='lat' dir='ltr'>reipublicae</span> <span class='ocrx_word' id='word_1_127' title='bbox 838 3094 1061 3190; x_wconf 84' lang='lat' dir='ltr'>assignanda</span> <span class='ocrx_word' id='word_1_128' title='bbox 1082 3100 1181 3167; x_wconf 88' lang='lat' dir='ltr'>sunt.</span> <span class='ocrx_word' id='word_1_129' title='bbox 1205 3094 1326 3167; x_wconf 88' lang='lat' dir='ltr'>Socie-</span> 
     </span>
     <span class='ocr_line' id='line_1_22' title="bbox 272 3218 1328 3317; baseline -0.002 -25"><span class='ocrx_word' id='word_1_130' title='bbox 272 3224 368 3292; x_wconf 91' lang='lat' dir='ltr'>tates</span> <span class='ocrx_word' id='word_1_131' title='bbox 388 3243 520 3317; x_wconf 88' lang='lat' dir='ltr'>nempe</span> <span class='ocrx_word' id='word_1_132' title='bbox 539 3221 691 3317; x_wconf 89' lang='lat' dir='ltr'>privatae</span> <span class='ocrx_word' id='word_1_133' title='bbox 711 3244 794 3316; x_wconf 80' lang='lat' dir='ltr'>quae</span> <span class='ocrx_word' id='word_1_134' title='bbox 815 3220 851 3291; x_wconf 93' lang='lat' dir='ltr'>in</span> <span class='ocrx_word' id='word_1_135' title='bbox 878 3219 1027 3317; x_wconf 91' lang='lat' dir='ltr'>publica</span> <span class='ocrx_word' id='word_1_136' title='bbox 1043 3218 1218 3292; x_wconf 90' lang='lat' dir='ltr'>societate</span> <span class='ocrx_word' id='word_1_137' title='bbox 1239 3242 1328 3291; x_wconf 89' lang='lat' dir='ltr'>oon·</span> 
     </span>
     <span class='ocr_line' id='line_1_23' title="bbox 273 3342 1328 3440; baseline -0.004 -24"><span class='ocrx_word' id='word_1_138' title='bbox 273 3344 440 3417; x_wconf 88' lang='lat' dir='ltr'>tineutur</span> <span class='ocrx_word' id='word_1_139' title='bbox 468 3344 514 3416; x_wconf 87' lang='lat' dir='ltr'>ad</span> <span class='ocrx_word' id='word_1_140' title='bbox 546 3368 779 3417; x_wconf 90' lang='lat' dir='ltr'>communem</span> <span class='ocrx_word' id='word_1_141' title='bbox 813 3343 1012 3426; x_wconf 89' lang='lat' dir='ltr'>utilitatem</span> <span class='ocrx_word' id='word_1_142' title='bbox 1042 3366 1109 3440; x_wconf 92' lang='lat' dir='ltr'>pro</span> <span class='ocrx_word' id='word_1_143' title='bbox 1136 3366 1203 3415; x_wconf 91' lang='lat' dir='ltr'>sua</span> <span class='ocrx_word' id='word_1_144' title='bbox 1230 3342 1328 3414; x_wconf 89' lang='lat' dir='ltr'>virili</span> 
     </span>
     <span class='ocr_line' id='line_1_24' title="bbox 275 3467 1329 3567; baseline -0.004 -27"><span class='ocrx_word' id='word_1_145' title='bbox 275 3473 387 3567; x_wconf 82' lang='lat' dir='ltr'>parte</span> <span class='ocrx_word' id='word_1_146' title='bbox 408 3473 587 3566; x_wconf 89' lang='lat' dir='ltr'>spectant,</span> <span class='ocrx_word' id='word_1_147' title='bbox 624 3475 736 3566; x_wconf 89' lang='lat' dir='ltr'>atque</span> <span class='ocrx_word' id='word_1_148' title='bbox 769 3470 880 3540; x_wconf 86' lang='lat' dir='ltr'>tinem</span> <span class='ocrx_word' id='word_1_149' title='bbox 914 3473 1069 3550; x_wconf 88' lang='lat' dir='ltr'>certum,</span> <span class='ocrx_word' id='word_1_150' title='bbox 1106 3467 1329 3566; x_wconf 89' lang='lat' dir='ltr'>peculiarem</span> 
     </span>
     <span class='ocr_line' id='line_1_25' title="bbox 220 3591 1331 3696; baseline -0.005 -29"><span class='ocrx_word' id='word_1_151' title='bbox 220 3692 222 3696; x_wconf 23' lang='grc' dir='ltr'>Ι</span> <span class='ocrx_word' id='word_1_152' title='bbox 275 3594 407 3692; x_wconf 84' lang='lat' dir='ltr'>cuique</span> <span class='ocrx_word' id='word_1_153' title='bbox 428 3618 470 3666; x_wconf 93' lang='lat' dir='ltr'>ac</span> <span class='ocrx_word' id='word_1_154' title='bbox 490 3599 708 3692; x_wconf 81' lang='lat' dir='ltr'>praesentem</span> <span class='ocrx_word' id='word_1_155' title='bbox 735 3593 887 3666; x_wconf 89' lang='lat' dir='ltr'>babent.</span> <span class='ocrx_word' id='word_1_156' title='bbox 905 3592 963 3664; x_wconf 92' lang='lat' dir='ltr'>llli</span> <span class='ocrx_word' id='word_1_157' title='bbox 985 3597 1109 3665; x_wconf 92' lang='lat' dir='ltr'>autem</span> <span class='ocrx_word' id='word_1_158' title='bbox 1131 3593 1235 3674; x_wconf 86' lang='lat' dir='ltr'>fines,</span> <span class='ocrx_word' id='word_1_159' title='bbox 1267 3591 1331 3662; x_wconf 90' lang='lat' dir='ltr'>ubi</span> 
     </span>
     <span class='ocr_line' id='line_1_26' title="bbox 273 3716 1330 3816; baseline -0.007 -24"><span class='ocrx_word' id='word_1_160' title='bbox 273 3719 336 3792; x_wconf 92' lang='lat' dir='ltr'>alii</span> <span class='ocrx_word' id='word_1_161' title='bbox 352 3719 447 3792; x_wconf 90' lang='lat' dir='ltr'>alius</span> <span class='ocrx_word' id='word_1_162' title='bbox 455 3718 604 3792; x_wconf 94' lang='lat' dir='ltr'>additus</span> <span class='ocrx_word' id='word_1_163' title='bbox 618 3724 730 3814; x_wconf 88' lang='lat' dir='ltr'>atque</span> <span class='ocrx_word' id='word_1_164' title='bbox 745 3722 894 3816; x_wconf 91' lang='lat' dir='ltr'>aptatus</span> <span class='ocrx_word' id='word_1_165' title='bbox 916 3716 1040 3798; x_wconf 83' lang='lat' dir='ltr'>fuerit,</span> <span class='ocrx_word' id='word_1_166' title='bbox 1064 3722 1143 3790; x_wconf 93' lang='lat' dir='ltr'>tum</span> <span class='ocrx_word' id='word_1_167' title='bbox 1160 3716 1197 3786; x_wconf 92' lang='lat' dir='ltr'>in</span> <span class='ocrx_word' id='word_1_168' title='bbox 1218 3717 1330 3788; x_wconf 88' lang='lat' dir='ltr'>smem</span> 
     </span>
     <span class='ocr_line' id='line_1_27' title="bbox 255 3821 1327 3939; baseline -0.006 -21"><span class='ocrx_word' id='word_1_169' title='bbox 255 3868 518 3922; x_wconf 60' lang='lat' dir='ltr'>communem,</span> <span class='ocrx_word' id='word_1_170' title='bbox 535 3821 576 3917; x_wconf 89' lang='lat' dir='ltr'>ac</span> <span class='ocrx_word' id='word_1_171' title='bbox 603 3843 770 3916; x_wconf 86' lang='lat' dir='ltr'>futurum</span> <span class='ocrx_word' id='word_1_172' title='bbox 803 3842 1014 3916; x_wconf 86' lang='lat' dir='ltr'>coalescunt</span> <span class='ocrx_word' id='word_1_173' title='bbox 1038 3850 1074 3914; x_wconf 93' lang='lat' dir='ltr'>et</span> <span class='ocrx_word' id='word_1_174' title='bbox 1099 3841 1327 3939; x_wconf 90' lang='lat' dir='ltr'>conspirant,</span> 
     </span>
     <span class='ocr_line' id='line_1_28' title="bbox 275 3965 1331 4065; baseline -0.007 -23"><span class='ocrx_word' id='word_1_175' title='bbox 275 3993 462 4042; x_wconf 93' lang='lat' dir='ltr'>summum</span> <span class='ocrx_word' id='word_1_176' title='bbox 477 3968 615 4042; x_wconf 89' lang='lat' dir='ltr'>scilicet</span> <span class='ocrx_word' id='word_1_177' title='bbox 629 3969 767 4041; x_wconf 93' lang='lat' dir='ltr'>bonum</span> <span class='ocrx_word' id='word_1_178' title='bbox 785 3968 1039 4065; x_wconf 76' lang='lat' dir='ltr'>universaque</span> <span class='ocrx_word' id='word_1_179' title='bbox 1061 3965 1331 4040; x_wconf 86' lang='lat' dir='ltr'>communionis</span> 
     </span>
    </p>

    <p class='ocr_par' dir='ltr' id='par_1_5' title="bbox 278 4094 563 4167">
     <span class='ocr_line' id='line_1_29' title="bbox 278 4094 563 4167; baseline 0 -1"><span class='ocrx_word' id='word_1_180' title='bbox 278 4094 492 4167; x_wconf 90' lang='lat' dir='ltr'>utilitatem.</span> <span class='ocrx_word' id='word_1_181' title='bbox 562 4163 563 4166; x_wconf 74' lang='grc'>,</span> 
     </span>
    </p>
   </div>
   <div class='ocr_carea' id='block_1_3' title="bbox 276 4274 1330 4460">
    <p class='ocr_par' dir='ltr' id='par_1_6' title="bbox 276 4274 1330 4460">
     <span class='ocr_line' id='line_1_30' title="bbox 313 4274 1330 4368; baseline -0.007 -34"><span class='ocrx_word' id='word_1_182' title='bbox 313 4281 350 4352; x_wconf 80' lang='lat' dir='ltr'>(l)</span> <span class='ocrx_word' id='word_1_183' title='bbox 362 4281 567 4346; x_wconf 71' lang='lat' dir='ltr'>P1,xso‚Plredo‚</span> <span class='ocrx_word' id='word_1_184' title='bbox 580 4279 642 4334; x_wconf 72' lang='lat' dir='ltr'>tte.</span> <span class='ocrx_word' id='word_1_185' title='bbox 655 4279 792 4346; x_wconf 73' lang='lat' dir='ltr'>Philebus,</span> <span class='ocrx_word' id='word_1_186' title='bbox 805 4280 846 4334; x_wconf 78' lang='lat' dir='ltr'>tt.</span> <span class='ocrx_word' id='word_1_187' title='bbox 865 4282 895 4342; x_wconf 60' lang='lat' dir='ltr'>il.</span> <span class='ocrx_word' id='word_1_188' title='bbox 907 4281 933 4332; x_wconf 83' lang='lat' dir='ltr'>u.</span> <span class='ocrx_word' id='word_1_189' title='bbox 945 4279 999 4354; x_wconf 69' lang='lat' dir='ltr'>,lle&#39;p</span> <span class='ocrx_word' id='word_1_190' title='bbox 1012 4321 1020 4344; x_wconf 43' lang='grc'>,.</span> <span class='ocrx_word' id='word_1_191' title='bbox 1031 4278 1088 4333; x_wconf 89' lang='lat' dir='ltr'>Lib.</span> <span class='ocrx_word' id='word_1_192' title='bbox 1104 4278 1144 4332; x_wconf 80' lang='lat' dir='ltr'>l&#39;l.</span> <span class='ocrx_word' id='word_1_193' title='bbox 1160 4276 1240 4340; x_wconf 73' lang='lat' dir='ltr'>suu,</span> <span class='ocrx_word' id='word_1_194' title='bbox 1256 4274 1289 4368; x_wconf 62' lang='lat' dir='ltr'>tlt</span> <span class='ocrx_word' id='word_1_195' title='bbox 1307 4291 1330 4328; x_wconf 88' lang='lat' dir='ltr'>a.</span> 
     </span>
     <span class='ocr_line' id='line_1_31' title="bbox 276 4370 945 4460; baseline -0.012 -32"><span class='ocrx_word' id='word_1_196' title='bbox 276 4373 369 4460; x_wconf 63' lang='lat' dir='ltr'>Anisa</span> <span class='ocrx_word' id='word_1_197' title='bbox 383 4370 460 4436; x_wconf 71' lang='lat' dir='ltr'>Met,</span> <span class='ocrx_word' id='word_1_198' title='bbox 476 4371 520 4437; x_wconf 69' lang='lat' dir='ltr'>rt,</span> <span class='ocrx_word' id='word_1_199' title='bbox 536 4385 595 4440; x_wconf 87' lang='lat' dir='ltr'>cap.</span> <span class='ocrx_word' id='word_1_200' title='bbox 613 4370 662 4428; x_wconf 83' lang='lat' dir='ltr'>lx.</span> <span class='ocrx_word' id='word_1_201' title='bbox 943 4377 945 4381; x_wconf 84' lang='grc'><strong>’</strong></span> 
     </span>
    </p>
   </div>
   <div class='ocr_carea' id='block_1_4' title="bbox 0 0 1552 5198">
    <p class='ocr_par' dir='ltr' id='par_1_7' title="bbox 0 0 1552 5198">
     <span class='ocr_line' id='line_1_32' title="bbox 0 0 1552 5198; baseline 0 0"><span class='ocrx_word' id='word_1_202' title='bbox 0 0 1552 5198; x_wconf 95' lang='lat' dir='ltr'> </span> 
     </span>
    </p>
   </div>
  </div>
 </body>
</html>
