3074 5198
644 599 804 660 ...M-

191 757 372 816 amemus,
407 756 478 805 non
514 757 580 831 per
606 757 645 807 se
681 733 822 818 vinum,
853 735 917 807 sed
955 733 1251 832 nosmetipsose

191 857 277 931 vinc
305 840 491 956 propriam
508 858 713 931 utilitatem
739 864 803 932 aut
823 859 1050 958 voluptatem
1071 883 1152 932 esse
1168 883 1249 957 per-

192 992 378 1082 capturos.

215 1108 329 1184 ,lnde
357 1108 475 1205 liquet
502 1109 641 1183 nullam
671 1135 693 1183 a
718 1110 825 1183 nobis
853 1134 936 1183 curn
960 1109 1072 1183 rebus
1105 1108 1250 1184 institui

195 1256 303 1329 pesse
322 1232 537 1315 amicitiam,
564 1234 633 1307 etsi
649 1236 809 1332 quadam
830 1241 934 1332 parte
950 1233 1128 1308 amabiles
1155 1233 1249 1307 exis-

196 1361 287 1439 tant,
318 1357 389 1429 nisi
419 1357 510 1456 ipsae
542 1359 657 1431 amori
686 1364 813 1433 nostro
843 1359 998 1433 invicem
1027 1360 1251 1457 respondere

194 1505 301 1578 pesse
322 1482 528 1554 videantur.
547 1484 701 1556 Necesse
727 1491 782 1556 cst
797 1507 962 1576 raanan
989 1483 1109 1556 selum
1132 1483 1251 1577 dignm

195 1604 270 1677 sint
289 1630 372 1702 quae
398 1613 582 1688 amentur,
619 1608 684 1680 sed
711 1608 821 1680 etiam
845 1606 1016 1680 amicitiae
1036 1606 1191 1680 consciae
1210 1631 1252 1679 ac

196 1730 406 1828 participes.
963 1804 966 1811 .

244 1854 439 1950 Antiquior
459 1855 574 1950 igitur
592 1856 766 1929 amicitiae
786 1857 961 1940 conditio,
988 1864 1028 1929 ut
1048 1862 1176 1929 mutua
1204 1856 1253 1929 sit

194 1984 258 2051 ant
286 1979 488 2076 aliquando
517 1986 646 2054 mutua
672 1980 751 2053 fieri
782 2005 890 2078 pesse
916 1981 1097 2054 videatur.
1134 1980 1250 2052 Nihil·

194 2104 354 2186 ominus,
367 2129 439 2177 non
455 2112 668 2178 necesseest
682 2105 845 2179 amicitia
857 2130 899 2178 ec
911 2106 1089 2204 temperis
1101 2109 1258 2204 puncto„

194 2252 268 2325 (ruo
288 2228 461 2301 inchoata
477 2229 537 2313 sit,
557 2232 620 2302 fiat
636 2230 845 2329 reciproca.¹

243 2354 381 2426 Natura
406 2354 504 2426 enim
519 2354 577 2445 ita
596 2360 849 2454 comparatum
872 2362 928 2428 est
955 2360 996 2428 nt
1016 2355 1194 2428 alteruter
1210 2379 1253 2427 ex

192 2477 403 2550 amantibus
418 2478 575 2552 alterum
592 2479 694 2578 prior
708 2503 833 2552 amare
849 2479 1029 2577 inceperit
1046 2503 1053 2552 :
1072 2480 1137 2557 sed
1153 2481 1252 2577 quod

193 2602 364 2675 affectum
393 2603 589 2699 quemdam
619 2603 731 2675 fuerit
751 2610 924 2702 expertus
945 2628 988 2676 ac
1015 2608 1187 2687 testatuS,
1210 2628 1253 2676 ee

194 2727 275 2824 ipso
296 2736 466 2799 mutuum
480 2751 643 2800 amorem
660 2752 682 2800 a
697 2751 735 2800 se
751 2728 915 2826 exoptari
933 2735 1045 2824 atque
1062 2729 1252 2826 impetrari
1295 2770 1297 2774 2

147 2830 152 2838 ’
194 2852 388 2946 significat.

244 2975 338 3060 Quin
357 2977 429 3049 imo
454 2999 461 3048 :
487 2982 525 3049 nt
546 3000 630 3049 vera
650 2977 721 3049 aiei
749 2977 866 3074 possit
893 2976 1068 3058 amicitia,
1104 3001 1253 3050 neccsse
1344 3028 1346 3033 ι

196 3106 252 3173 cst
277 3125 359 3198 quae
384 3099 636 3185 dilexcrimrm,
669 3125 742 3174 non
770 3125 837 3199 pro
862 3101 969 3174 nobis
990 3101 1055 3175 scd
1075 3125 1142 3200 pre
1164 3101 1253 3199 ipsis

194 3224 418 3320 diligamus;
441 3249 561 3322 neque
583 3249 670 3320 erga
693 3226 852 3298 amicum
881 3226 1009 3298 eodem
1032 3249 1157 3311 sensu,
1180 3250 1253 3321 quo

195 3373 281 3444 erga
300 3349 425 3423 vinnm
455 3356 603 3422 utamur
626 3373 633 3423 :
661 3351 819 3423 mendax
839 3349 937 3422 enirn
959 3353 995 3422 et
1016 3374 1131 3422 nanus
1152 3374 1255 3424 amer

196 3473 256 3547 ille
286 3497 396 3571 quem
425 3498 511 3570 erga
540 3475 665 3548 vinum
691 3477 924 3572 profitemur,
959 3475 1254 3570 quoniamnulla

94 3583 96 3589 ’
193 3605 301 3694 paeto
333 3599 518 3693 gratuitus
539 3606 607 3681 est,
631 3600 691 3672 sed
715 3599 819 3672 adid
841 3624 954 3672 unum
972 3606 1115 3698 spectat
1136 3604 1176 3672 ut
1192 3625 1255 3673 ve-

196 3722 338 3824 luptate
357 3724 518 3819 quadam
542 3729 606 3795 aut
622 3723 782 3795 utilitate
803 3723 983 3796 fruamur.
1007 3726 1166 3797 Affectus
1187 3724 1253 3820 igi-

174 3842 176 3846 ’
195 3854 257 3918 tur
270 3847 332 3919 ille
348 3870 457 3943 quem
474 3847 652 3920 adversus
666 3871 724 3920 res
740 3847 863 3920 anima
879 3853 1060 3930 carentes,
1078 3853 1254 3922 etsensus

197 3976 365 4068 expertes
387 3971 623 4068 imparcsque
642 3972 770 4067 gratim
791 3978 929 4045 rnutnae
950 3973 1144 4054 habemus,
1181 3997 1254 4045 non

196 4105 271 4184 φιλία
311 4095 375 4167 sctl
407 4106 528 4184 φιλ-ηας,
567 4094 603 4167 id
638 4101 695 4168 est
729 4119 802 4167 nen
837 4096 1001 4169 amicitia
1033 4098 1097 4169 scd
1126 4098 1255 4170 (tannia
1297 4173 1306 4185 ⁸

196 4218 383 4291 vocandus
403 4225 471 4292 est.

243 4340 375 4415 Nullus
401 4341 496 4423 idae,
529 4341 602 4415 nisi
623 4341 719 4415 inter
741 4341 922 4426 hemines,
947 4343 1118 4421 amicitiae
1139 4344 1252 4424 tecue,
1325 4443 1326 4446 Ἴ
