3074 5198
678 563 817 621 -.effi

220 692 358 788 stantia
388 698 557 786 constet;
586 699 666 767 tum
701 695 850 767 demum
888 695 1071 768 deducant
1097 693 1200 792 quid,
1224 696 1275 768 ita

219 817 400 901 munitus,
423 844 530 916 agere
545 820 693 903 debeat,
717 820 807 917 quid
840 843 913 892 non
933 841 940 910 ;
964 821 1047 916 quis
1067 820 1115 893 sit
1136 820 1172 892 in
1199 820 1275 892 vita

218 944 448 1040 appetendus
468 944 565 1028 linis,
589 969 671 1041 quae
707 945 798 1017 vitia
825 944 1002 1017 vitanda:
1025 944 1078 1018 sio
1106 945 1151 1016 de
1187 944 1275 1016 ami-

168 1052 174 1079 *
218 1065 304 1139 eitia
319 1067 502 1166 triplicem
519 1070 555 1142 in
578 1070 727 1143 modum
740 1070 800 1142 hic
818 1069 1050 1152 tractabitur,
1067 1069 1172 1166 cujus
1192 1075 1273 1142 tum

218 1190 373 1264 formam
395 1217 436 1264 ae
451 1217 598 1288 genera,
639 1194 723 1266 dein
754 1199 925 1266 naturam
945 1199 1056 1290 atque
1077 1192 1271 1290 originem,

216 1321 295 1388 tum
312 1316 461 1389 demum
481 1341 634 1391 munera
661 1324 697 1392 et
717 1318 943 1416 provinciam
975 1341 1041 1392 nos
1062 1342 1106 1390 ex
1145 1319 1274 1391 ordine

219 1440 400 1535 indagari,
424 1442 620 1516 Aristotele
636 1442 825 1538 magistro,
844 1441 1000 1514 decebit.

729 1638 772 1709 ll.

267 1815 423 1888 Exordio
445 1815 690 1913 philosophus
706 1821 833 1889 noster
846 1816 890 1888 de
904 1815 1067 1888 amicitia
1080 1795 1154 1889 non
1168 1815 1276 1888 alitor

216 1939 328 2012 verba
358 1939 445 2012 facit
469 1963 581 2036 quam
606 1940 805 2037 scriptores
834 1920 895 2011 illi
915 1938 993 2036 qui,
1018 1963 1163 2012 morum
1198 1943 1274 2012 stu-

214 2064 274 2136 dio
303 2064 555 2158 indulgentes,
586 2064 836 2137 laudationem
865 2064 945 2161 ejus
968 2088 1201 2136 communem
1238 2065 1275 2135 in

218 2188 337 2260 locum
364 2192 566 2259 verterunt.
586 2187 773 2284 Quidquid
789 2188 834 2259 de
860 2211 898 2259 re
918 2192 994 2259 tam
1011 2186 1181 2285 pulchra,
1199 2181 1275 2259 tam

214 2311 378 2408 jucunda
394 2311 503 2384 simul
520 2335 562 2384 ac
587 2299 664 2383 tam
687 2311 770 2383 utili
792 2310 978 2384 senserint
1005 2310 1189 2394 homines,
1212 2316 1277 2383 aut

217 2459 300 2508 cum
320 2443 425 2530 grata
443 2436 640 2509 verborum
660 2435 765 2533 eopia
793 2435 1066 2517 dictitarerint,
1094 2435 1131 2507 id
1152 2439 1278 2508 noster

218 2560 390 2655 colligere
411 2584 484 2633 non
505 2560 659 2642 omittit,
688 2565 908 2655 argumente
930 2559 1167 2658 experientiae
1196 2559 1276 2657 opi-

221 2683 432 2779 nionisque,
465 2685 534 2757 etsi
562 2683 728 2779 vulgaria
749 2707 791 2756 ac
811 2688 979 2781 pernota,
1003 2707 1183 2781 usurpare
1204 2708 1276 2756 nen

220 2809 443 2905 dedignatus
466 2812 534 2904 (l).
553 2811 626 2882 Nee
647 2809 795 2892 mirum,
820 2809 1021 2881 dummodo
1038 2815 1158 2882 tecum
1175 2833 1279 2906 repu-

218 2938 274 3006 tes
300 2958 375 3030 qua
404 2934 611 3007 disserendi
639 2934 781 3007 ratione
804 2933 1025 3007 Aristoteles
1057 2934 1109 3005 uti
1134 2934 1275 3008 soleat:

221 3058 360 3156 quippe
390 3059 453 3154 qui
488 3060 534 3130 ad
571 3081 757 3131 summum
791 3058 972 3156 propositi
1008 3058 1198 3153 fastigium
1235 3083 1279 3129 ex

223 3181 425 3281 improviso
456 3205 527 3254 non
563 3183 698 3264 evolet,
735 3182 800 3254 sed
829 3182 867 3254 in
897 3181 987 3255 loeis
1018 3180 1279 3255 humilioribus

222 3306 400 3378 libentius
435 3311 612 3388 moretur,
650 3306 712 3378 ubi
752 3306 858 3402 quasi
897 3306 1077 3403 impetum
1108 3305 1276 3401 colligat;

223 3430 439 3527 quaestionis
487 3430 614 3502 limina
661 3435 748 3502 ante
790 3430 1071 3527 circumspicere
1111 3413 1280 3502 accurate

223 3554 380 3636 videtur,
418 3577 529 3650 quam
556 3553 705 3651 penitus
732 3555 768 3626 in
799 3577 876 3626 rem
905 3558 1100 3651 penetrare
1129 3560 1276 3652 pergat3

223 3702 413 3774 quunique
429 3678 670 3774 cogitationes
684 3703 726 3751 ac
744 3678 1038 3752 ratiocinationis
1053 3684 1219 3752 tenorem
1234 3681 1278 3751 ad

224 3802 399 3874 sublimia
416 3802 596 3884 intendat,
623 3801 761 3875 sensim
778 3803 976 3876 ascendere
992 3807 1095 3875 curet
1113 3826 1154 3875 ac
1174 3804 1279 3900 quasi

225 3950 292 4024 per
310 3928 447 4022 gradus
463 3950 621 4022 quorum
634 3926 711 4022 jam
732 3912 946 3999 firmitatem
963 3926 1075 3999 fuerit
1088 3933 1273 4025 expertus.

272 4052 400 4146 ltaque
426 4050 588 4149 primum
623 4052 668 4123 de
698 4050 861 4124 amicitia
881 4051 1026 4124 tritiora
1043 4052 1116 4146 (⁹2):
1142 4051 1281 4124 scilicet

261 4255 297 4324 (l)
322 4255 381 4310 Etlt.
398 4255 470 4319 Nic,
487 4254 544 4309 tio.
558 4256 627 4320 vlu,
644 4272 706 4325 cap.
724 4257 742 4308 l.

260 4343 298 4413 (ξ’)
319 4344 382 4398 Ello.
400 4343 475 4409 Nic,
492 4343 550 4397 lili.
566 4344 635 4409 Vlll,
651 4360 710 4414 cap.
727 4345 758 4397 ll.
