3074 5198
687 593 846 656 ..21-

236 727 300 825 qui
323 734 521 825 utrumque
552 752 596 801 ex
615 727 744 801 amicis
777 751 844 826 pro
864 726 999 799 virtute
1019 724 1170 825 propria
1197 724 1288 799 ami·

235 851 358 924 citiam
374 851 527 935 viritim,
556 875 628 925 non
649 856 835 950 proestare,
872 850 936 924 sed
962 855 1090 924 contra
1122 849 1288 950 accipere

236 974 370 1047 debere
386 974 605 1073 praecipiat(
631 976 659 1069 ).
1122 967 1124 971 ¹

287 1098 419 1171 Virtuti
436 1099 534 1171 enim
551 1100 628 1182 uni,
652 1123 735 1195 quae
750 1099 788 1171 in
802 1105 958 1195 utroque
974 1098 1046 1172 sita
1065 1103 1133 1181 est,
1156 1096 1291 1171 caritas

235 1223 391 1296 debetur
405 1247 448 1296 ac
461 1224 687 1296 conceditur.
708 1224 832 1297 Virtus
865 1224 947 1297 ideo
980 1227 1180 1306 causaest,
1216 1246 1288 1296 non

236 1371 493 1431 euramemus,
517 1350 580 1422 sed
612 1373 791 1422 amemur.
830 1348 898 1434 Qui
929 1348 1059 1421 melior
1092 1347 1288 1430 exstiterit,

236 1472 332 1545 idem
353 1472 492 1568 majore
525 1497 649 1546 amore
669 1473 804 1569 dignus
834 1473 1025 1546 habendus
1063 1472 1146 1556 erit,
1170 1495 1290 1568 neque
1376 1538 1380 1546 .

236 1622 358 1672 veram
384 1607 496 1686 ἰσότητι
523 1598 626 1696 prius
647 1603 867 1694 assequetur
890 1621 1002 1695 quam
1026 1619 1189 1675 amorem
1218 1596 1289 1669 sibi

235 1723 401 1796 debitum
422 1722 638 1798 obtinuerit.

282 1848 360 1920 Erit
384 1848 497 1942 igitur
517 1849 595 1920 haec
620 1846 843 1943 equalitatis
882 1846 940 1919 lex
973 1851 1085 1942 atque
1118 1846 1224 1928 ratio,
1252 1851 1291 1918 ut

233 1971 345 2044 talem
368 1972 567 2046 amicitiam
587 1975 736 2070 praestet
753 1975 921 2068 uterquc,
945 1971 1093 2068 qualem
1117 1995 1190 2042 non
1214 1994 1290 2043 snae

234 2097 393 2194 propriae
409 2096 549 2180 virtuti,
569 2097 633 2170 sed
652 2094 782 2168 alienae
792 2094 1026 2206 respondeat.
1046 2093 1162 2179 Quam
1183 2076 1290 2167 ratio-

233 2246 329 2304 nem,
352 2246 426 2295 non
447 2224 671 2319 aquationem
685 2221 750 2294 sed
776 2220 925 2301 rectius,
963 2243 1046 2292 cum
1075 2220 1283 2297 mathema·
1309 2197 1311 2202 ’

232 2346 328 2429 ticis‚
358 2347 615 2444 proportionem
641 2345 819 2418 dicemus.
838 2339 937 2438 vErgo
963 2345 993 2417 A
1020 2344 1058 2415 in
1084 2367 1158 2441 quo
1191 2343 1289 2416 inest

235 2471 350 2544 virtus
370 2471 426 2554 IV,
448 2495 470 2543 a
489 2473 516 2543 B
535 2469 738 2543 amicitiam
759 2470 802 2542 IV
822 2469 991 2568 accipiet,
1028 2467 1091 2564 qui
1131 2466 1287 2540 invicem

231 2595 431 2701 amicitiam
469 2595 561 2668 [lab
598 2597 626 2668 Α
659 2594 855 2692 persolvet,
892 2593 1068 2691 quoniam
1103 2569 1238 2665 virtute
1255 2591 1284 2663 ΙΙ

233 2719 410 2818 preditus
430 2726 498 2793 est.

280 2843 407 2939 Itaque
445 2866 512 2941 per
542 2853 654 2930 ἰσότητα
688 2841 895 2937 intelligere
928 2841 1124 2930 debemuS,
1165 2866 1286 2940 neque

232 2967 481 3064 aequalitatem
526 2967 738 3064 quamdam,
786 2964 860 3062 qua
909 2965 956 3038 ab
999 2965 1141 3062 origine
1188 2967 1286 3042 inter

231 3093 368 3165 amicos
389 3091 594 3174 exsisteret,
615 3114 762 3188 quaque
778 3094 911 3164 natura
931 3114 1038 3188 pares
1059 3091 1283 3183 evaderent3

231 3240 352 3312 neque
371 3217 508 3310 amoris
528 3215 647 3288 mutui
668 3238 863 3297 summam,
878 3238 961 3311 quae
981 3214 1156 3312 utrinqne
1182 3239 1286 3312 aequa

181 3360 184 3368 ·
232 3340 452 3430 haberetur;
475 3339 736 3413 sedictionem
766 3362 839 3435 qua
872 3339 914 3410 fit
943 3344 983 3410 ut
1021 3338 1161 3412 amicus
1190 3339 1286 3411 alter

231 3463 384 3537 alterius
403 3463 532 3536 virtuti
557 3463 696 3560 justam
731 3443 768 3535 et
787 3468 1074 3536 consentaneam
1094 3463 1285 3558 caritatem

231 3588 403 3686 praebeat.
435 3587 554 3674 Quare
581 3588 729 3661 demum
761 3595 854 3675 ἰσότης
886 3611 907 3659 a
940 3586 1087 3683 justitia
1119 3587 1370 3709 proficis-‘L

231 3711 339 3785 citur.
780 3810 782 3815 Ι

279 3837 429 3920 idcirco,
453 3837 526 3909 duo
540 3836 723 3919 homines,
746 3836 803 3909 vei
825 3835 855 3908 si
876 3835 1013 3908 virtute
1027 3835 1190 3934 impares
1212 3836 1287 3909 sint

230 3965 341 4059 atque
357 3960 518 4057 ingenio,
541 3964 784 4057 aequatamen
814 3959 978 4033 amicitia
1008 3959 1105 4032 inter
1131 3984 1170 4033 se
1200 3984 1284 4034 con·

266 4192 302 4258 (i)
331 4190 469 4263 Ἀνάλογον
496 4188 548 4245 δ’ἐν
576 4190 664 4250 πάσαις
687 4203 738 4250 ταῖς
759 4191 803 4244 καθ
812 4189 944 4263 ’ὑπεροχὴν
969 4184 1051 4250 otoni:
1075 4191 1165 4262 φιλίαις
1189 4196 1228 4245 καὶ
1243 4190 1287 4257 τὴν

230 4281 326 4351 etiarm
348 4283 385 4334 δεῖ
405 4281 511 4351 γίνεσθαι.
532 4269 583 4333 οἷον
603 4279 644 4334 τὸν
667 4275 760 4352 ἀμείνω
782 4280 879 4352 μᾶλλον
902 4279 1023 4350 φιλεῖσθαι
1043 4280 1057 4348 ἣ
1080 4280 1172 4350 φιλεῖν,
1192 4283 1229 4333 καῖ
1247 4279 1288 4333 τὸν

229 4368 432 4440 ὠφελιμώτερον,
450 4372 550 4426 καὶτῶν
567 4367 651 4424 ἄλλων
667 4370 768 4425 ἕκαστον
784 4368 885 4440 ὁμοίως.
911 4369 986 4438 (Eth.
1010 4368 1039 4425 Ν
1042 4368 1074 4423 ic.
1078 4410 1087 4435 ,
1111 4368 1169 4425 Lib.
1196 4369 1275 4440 vill.)
