3074 5198
696 548 856 614 ...46-

246 682 378 758 debeat
408 709 528 784 neque
555 709 719 782 unquam
750 688 797 760 ad
824 687 996 760 effectum
1013 684 1136 758 venire
1156 683 1300 783 possit3

247 810 321 883 imo
336 814 533 909 postquam
553 810 852 885 dissertationem
882 834 986 885 suam
1006 810 1053 883 ab
1076 809 1303 909 experientia

248 934 378 1007 initam
416 958 482 1032 per
521 935 702 1009 rationem
741 918 950 1034 perfecerit,
995 957 1125 1008 rursus
1164 957 1245 1007 eam
1282 958 1306 1007 a

246 1058 389 1132 ratione
409 1060 455 1132 ad
471 1059 737 1157 experientiam
751 1060 915 1151 reducit;
938 1059 1043 1132 itaut
1062 1059 1109 1132 ab
1125 1057 1299 1141 amicitia,

245 1182 368 1279 qualis
387 1183 424 1255 in
451 1181 526 1256 vita
546 1184 739 1258 hominum
766 1189 996 1267 exerceatur,
1026 1183 1225 1282 profectus,
1262 1188 1304 1256 ut

247 1308 332 1380 inde
352 1308 554 1406 perfectam
574 1308 746 1384 amicitiae
762 1308 935 1407 speciem,
957 1308 1080 1408 qualis
1109 1306 1147 1379 in
1180 1311 1303 1380 mente

247 1431 407 1505 insidere
445 1432 589 1516 debeat,
630 1433 901 1524 adumbraret3
942 1438 1022 1506 tum
1060 1456 1103 1504 ea
1140 1431 1303 1530 perfecta

246 1557 367 1654 specie
395 1556 551 1630 invicem
585 1557 704 1631 utitur
734 1564 774 1631 ut
802 1557 974 1631 amicitiae
990 1581 1156 1640 munera,
1179 1556 1303 1652 qualia

246 1680 438 1754 hominum
460 1681 625 1755 moribus
641 1683 761 1780 aptari
777 1687 929 1780 queant,
946 1682 1160 1755 constituat.
1184 1680 1303 1766 Quare

246 1805 542 1880 ratiocinationis
568 1807 676 1903 quasi
701 1807 898 1880 circuitum
927 1806 1137 1880 describere
1160 1829 1203 1878 ac
1231 1805 1301 1878 cir-

245 1929 491 2004 cumlustrare
515 1928 663 2003 videtur
682 1931 912 2014 Aristoteles,
939 1930 1002 2027 qui
1019 1931 1066 2003 ab
1087 1930 1304 2028 experientia

245 2053 449 2151 profectus,
472 2055 710 2152 rationemque
726 2055 812 2128 inde
835 2056 991 2152 adeptus
1007 2059 1119 2151 atque
1140 2058 1300 2136 secutus,

245 2179 291 2251 ad
302 2180 552 2277 experientiam
565 2181 714 2254 demum
728 2179 950 2270 revertitur3
968 2179 1076 2274 longe
1089 2203 1111 2252 a
1126 2179 1303 2274 magistro

245 2297 397 2378 Platone
417 2304 645 2403 discrepare,
684 2305 749 2401 qui
782 2309 980 2402 postquam
1007 2303 1054 2376 ab
1086 2303 1304 2401 eaperieutie

245 2428 477 2502 adrationari
496 2429 685 2502 dialectice
702 2452 781 2501 sese
797 2428 983 2511 extulerit,
1002 2429 1039 2500 in
1064 2428 1207 2501 ratione
1219 2434 1301 2501 tan·

246 2575 358 2647 quam
379 2553 415 2625 in
443 2552 591 2648 fastigio
613 2553 774 2650 quodam
802 2553 1020 2627 commorari
1046 2553 1152 2637 solat,
1182 2576 1302 2650 neque

246 2700 411 2772 unquam
450 2677 639 2773 inquirere
678 2683 783 2751 curat
820 2702 979 2775 quonam
1021 2678 1130 2752 modo
1168 2677 1302 2750 mentis

234 2793 424 2874 'absolutae
440 2802 539 2898 leges
559 2802 654 2876 [tecti
671 2802 831 2876 debeant
861 2808 901 2875 ut
924 2803 1035 2876 rebus
1068 2825 1148 2875 sese
1163 2824 1303 2876 accom-

247 2927 395 3000 modare
411 2927 567 3026 possint.

292 3052 440 3124 Erraret
454 3057 579 3124 tamen
597 3052 662 3148 qui
682 3052 846 3126 Platonis
872 3065 987 3139 μέθοδεν
1008 3052 1300 3150 praestantiorem

244 3175 500 3259 arbitraretur,
549 3174 731 3272 illumque
775 3181 965 3250 assuetum
1008 3176 1218 3250 Aristotelis
1256 3176 1302 3248 ad

245 3299 511 3398 experientiam
559 3322 767 3393 regressum
815 3300 1068 3373 infirmitatem
1103 3300 1302 3397 quamdam

246 3423 384 3518 ingenii
419 3413 584 3508 haberet,
609 3424 708 3521 quod
728 3424 766 3496 in
797 3425 895 3497 edita
915 3449 1018 3523 purae
1044 3424 1303 3522 metaphysica

246 3549 404 3622 statione
433 3550 561 3622 sedero
588 3547 708 3646 impar
735 3549 935 3622 videretur.
967 3549 1184 3624 Aristoteles
1203 3549 1302 3622 enirn

246 3676 388 3766 ἐμπειρίαν
412 3673 513 3746 illam
535 3674 668 3747 rationi
689 3674 832 3771 adjicit,
856 3676 991 3754 nedum
1012 3675 1049 3747 in
1074 3674 1229 3748 rationis
1250 3673 1301 3747 lo·

246 3821 328 3871 cum
343 3797 530 3881 adhibeat,
545 3794 873 3896 necessariumquea
888 3799 1000 3898 priori
1016 3800 1174 3872 affirmat
1191 3802 1302 3895 atque

246 3921 310 4006 ita,
329 3923 511 4020 quidquid
524 3932 682 4016 ἐμπειρικὸν
701 3929 838 3998 tractet
856 3924 893 3997 id
910 3924 1146 4024 potissimum
1161 3923 1208 3997 ab
1224 3922 1304 4021 ipsa
1377 3997 1380 4004 ,

246 4047 389 4121 ratione
409 4048 558 4122 deducit
572 4050 639 4146 (i).
887 4053 889 4058 ’

282 4320 321 4401 (t)
336 4322 398 4380 Etr.
413 4323 488 4392 Nic,
504 4324 562 4380 Lib.
580 4325 615 4393 ΙΙ,
630 4342 689 4399 cap.
709 4325 740 4382 V.
810 4349 813 4353 ’
