3074 5198
687 625 845 684 ...38-.-

235 762 375 836 emant.
397 758 473 829 lmo
493 778 601 831 suum
621 757 781 854 quisque
800 780 894 855 opus
913 756 1170 830 vehementius
1189 760 1291 830 amat

236 905 347 979 quam
367 881 446 979 ipse
466 880 512 953 ab
525 905 636 979 opere
651 904 718 954 suo
733 881 1000 963 redimeretur,
1019 881 1049 953 si
1066 905 1112 954 en
1125 881 1291 955 inanimo

235 1007 391 1079 fortasse
410 1005 614 1078 animatum
635 1007 751 1078 fieret.
777 1004 926 1079 Amicus
956 1006 1070 1101 igitur
1089 1004 1152 1102 qui
1173 1005 1291 1078 emico

234 1130 452 1203 beneficium
473 1130 659 1228 prestitit,
681 1154 778 1213 eum,
805 1135 846 1202 ut
865 1129 983 1202 lilium
1011 1135 1129 1227 pater,
1151 1129 1287 1225 diligit.

139 1339 141 1343 ¹
235 1254 349 1327 Filius
370 1254 467 1326 enim
488 1254 679 1326 caritatem
704 1277 848 1351 aequam
868 1255 1012 1353 parenti
1033 1254 1187 1326 reddere
1211 1277 1283 1327 non

235 1383 369 1477 potest,
388 1379 562 1474 qnoniam
579 1378 770 1451 ceritatem
786 1403 808 1450 a
823 1385 976 1477 parente
991 1379 1115 1451 datam
1139 1402 1292 1477 perpen-

238 1504 324 1577 dere
344 1526 386 1575 ec
406 1503 525 1600 prelio
549 1527 615 1576 suo
636 1502 847 1576 existimare
863 1503 1004 1599 nequit.
1029 1504 1063 1576 ls
1078 1503 1176 1575 enim
1198 1527 1293 1576 unus

237 1627 402 1700 muneris
419 1627 581 1726 pretium
594 1627 807 1700 existimare
826 1628 935 1711 velet,
952 1627 1016 1725 qui
1031 1651 1165 1701 munus
1180 1651 1291 1726 praes·

234 1756 309 1842 tat3
329 1775 461 1850 nempe
474 1751 525 1825 nei
539 1751 693 1824 tnibutae
707 1750 970 1824 conscientiam
983 1774 1079 1825 unus
1092 1751 1216 1834 habet,
1227 1751 1291 1847 qui

178 1876 180 1879 ’
238 1875 370 1948 tribuit
386 1897 394 1966 ;
417 1899 520 1948 caasa
532 1879 589 1948 est
601 1875 782 1958 beneficii,
801 1879 914 1972 atque
929 1899 1030 1948 caasa
1051 1876 1142 1958 sola,
1161 1874 1291 1973 quanli

233 2000 355 2073 valeat
365 1999 737 2080 effectusaseeditus‚
753 2000 900 2097 penitus
916 2022 1133 2097 pernoscere
1142 2023 1210 2097 par
1220 2004 1289 2072 est.

283 2123 382 2196 Adde
401 2124 587 2196 hominem
603 2124 668 2221 qui
695 2124 807 2196 alicui
828 2123 1048 2196 beneficium
1074 2123 1289 2205 contulerit,

233 2272 275 2320 eo
304 2248 426 2344 magis
452 2247 550 2320 hunc
576 2246 730 2343 diligere
750 2247 849 2344 quod
873 2246 985 2320 luerit
1010 2269 1120 2319 causa
1135 2270 1201 2319 cur
1224 2246 1290 2319 ali·

231 2371 478 2470 quidpnlchri
497 2377 533 2444 et
547 2372 694 2444 honesti
709 2371 850 2444 fecerit.
869 2372 1016 2453 Sumus,
1033 2375 1074 2442 nt
1088 2371 1287 2453 itadicam

232 2496 325 2590 grati
347 2519 432 2590 erga
452 2519 514 2568 eos
535 2495 598 2592 qui
620 2494 726 2567 nobis
746 2494 998 2591 benefaciendi
1028 2494 1173 2593 copiam
1195 2494 1290 2567 fece·
1332 2593 1335 2601 Ι

231 2624 318 2691 runt
334 2641 342 2692 :
361 2619 413 2691 ita
429 2623 469 2691 ut
489 2619 669 2713 gratiores
685 2618 882 2691 evadamus
899 2642 966 2716 pro
979 2618 1075 2692 datis
1092 2642 1208 2715 quam
1225 2643 1292 2717 pro

233 2743 393 2841 acceptis
413 2742 614 2816 beneficiis.
637 2741 818 2815 Nimirum
843 2743 943 2839 quia,
971 2767 1086 2840 quum
1111 2743 1293 2816 beneficia

230 2867 444 2966 accipimus,
466 2866 663 2939 utilitatem
684 2866 932 2965 percipimus3
951 2890 1066 2963 quam
1087 2872 1216 2940 autem
1232 2868 1293 2940 da—

236 3017 332 3076 mus,
352 2991 1119 3088 honestatemconsequimunExcellitvero
1133 2992 1293 3066 utilitate

237 3119 426 3205 honestas,
442 3117 598 3212 ideoque
609 3117 854 3198 honestatem,
866 3117 1088 3214 praestando,
1101 3140 1212 3212 quam
1227 3116 1295 3190 uti·

234 3242 389 3324 litatem,
410 3241 627 3339 accipiendo
643 3240 821 3312 beneficia
834 3241 1011 3336 consequi
1027 3241 1290 3339 praestabilius.

284 3364 449 3460 Denique
465 3370 597 3438 natum
613 3364 720 3441 nobis
736 3364 877 3437 cariora
893 3371 980 3437 sunt
1006 3388 1049 3437 ca
1072 3389 1152 3461 quae
1175 3364 1293 3464 pluris

238 3488 486 3561 constiterint.
522 3489 559 3559 ln
584 3488 758 3586 operibus
787 3488 937 3566 nostris.
960 3489 1060 3584 quod
1092 3489 1291 3563 exsudave·

236 3613 352 3686 rimus
384 3619 430 3685 ut
460 3613 741 3710 perficerentur,
779 3614 817 3686 id
844 3613 1077 3711 potissimum
1105 3636 1290 3697 amamus,

235 3739 474 3812 causalitatem
497 3743 675 3820 nostrum,
705 3738 743 3810 in
777 3738 889 3810 nehus
916 3760 1142 3835 expressam.
1168 3762 1211 3810 ac
1231 3761 1292 3811 vo·

235 3863 387 3935 luntatis
420 3863 567 3958 signum
597 3868 955 3958 monumentumque
989 3861 1195 3934 conaminis
1225 3884 1294 3934 nos

233 3987 338 4083 juvat
358 3991 461 4059 extra
482 4011 549 4060 nos
570 3985 720 4059 intueri.
749 3987 961 4059 Humanum
990 3990 1046 4058 est
1070 3984 1295 4083 exemplaria

238 4112 296 4186 sui
329 4112 577 4210 multiplicare
606 4116 718 4209 atque
752 4135 948 4211 personam
977 4134 1082 4184 suam
1115 4110 1293 4189 inaevum

240 4235 489 4335 spatiumque,
512 4260 578 4335 per
592 4259 703 4338 opera
723 4260 881 4335 persona
896 4236 977 4333 ipsa
996 4234 1136 4332 majora
1150 4259 1193 4308 ec
1211 4258 1293 4331 per·

240 4353 405 4442 enniore,
424 4359 622 4463 prolatare.
