<?xml version="1.0" encoding="UTF-8"?>
<!DOCTYPE html PUBLIC "-//W3C//DTD XHTML 1.0 Transitional//EN"
    "http://www.w3.org/TR/xhtml1/DTD/xhtml1-transitional.dtd">
<html xmlns="http://www.w3.org/1999/xhtml" xml:lang="en" lang="en">
 <head>
  <title>
</title>
<meta http-equiv="Content-Type" content="text/html;charset=utf-8" />
  <meta name='ocr-system' content='tesseract 3.04.00' />
  <meta name='ocr-capabilities' content='ocr_page ocr_carea ocr_par ocr_line ocrx_word'/>
</head>
<body>
  <div class='ocr_page' id='page_1' title='image "./deamicitiaapuda00krangoog_0024.png"; bbox 0 0 3074 5198; ppageno 0'>
   <div class='ocr_carea' id='block_1_1' title="bbox 144 573 1296 3926">
    <p class='ocr_par' dir='ltr' id='par_1_1' title="bbox 230 573 1288 1293">
     <span class='ocr_line' id='line_1_1' title="bbox 695 573 836 638; baseline 0.014 -16"><span class='ocrx_word' id='word_1_1' title='bbox 695 612 733 622; x_wconf 82' lang='lat'>...</span> <span class='ocrx_word' id='word_1_2' title='bbox 756 573 775 638; x_wconf 82' lang='lat'>7</span> <span class='ocrx_word' id='word_1_3' title='bbox 800 614 836 624; x_wconf 68' lang='grc'>.-</span> 
     </span>
     <span class='ocr_line' id='line_1_2' title="bbox 232 711 1286 807; baseline 0.006 -26"><span class='ocrx_word' id='word_1_4' title='bbox 232 734 290 783; x_wconf 88' lang='lat' dir='ltr'>res</span> <span class='ocrx_word' id='word_1_5' title='bbox 306 716 362 784; x_wconf 89' lang='lat' dir='ltr'>est</span> <span class='ocrx_word' id='word_1_6' title='bbox 376 711 423 783; x_wconf 90' lang='lat' dir='ltr'>ad</span> <span class='ocrx_word' id='word_1_7' title='bbox 438 712 550 784; x_wconf 90' lang='lat' dir='ltr'>vitam</span> <span class='ocrx_word' id='word_1_8' title='bbox 567 713 771 807; x_wconf 81' lang='lat' dir='ltr'>degendam</span> <span class='ocrx_word' id='word_1_9' title='bbox 788 714 947 786; x_wconf 82' lang='lat' dir='ltr'>maxime</span> <span class='ocrx_word' id='word_1_10' title='bbox 963 714 1184 787; x_wconf 85' lang='lat' dir='ltr'>neccssaria.</span> <span class='ocrx_word' id='word_1_11' title='bbox 1198 714 1286 800; x_wconf 83' lang='lat' dir='ltr'>Quis</span> 
     </span>
     <span class='ocr_line' id='line_1_3' title="bbox 231 835 1286 936; baseline 0.006 -30"><span class='ocrx_word' id='word_1_12' title='bbox 231 835 330 906; x_wconf 91' lang='lat' dir='ltr'>enim</span> <span class='ocrx_word' id='word_1_13' title='bbox 352 835 399 907; x_wconf 91' lang='lat' dir='ltr'>sit</span> <span class='ocrx_word' id='word_1_14' title='bbox 417 835 482 931; x_wconf 89' lang='lat' dir='ltr'>qui</span> <span class='ocrx_word' id='word_1_15' title='bbox 512 836 592 908; x_wconf 89' lang='lat' dir='ltr'>sine</span> <span class='ocrx_word' id='word_1_16' title='bbox 612 837 740 910; x_wconf 91' lang='lat' dir='ltr'>amicis</span> <span class='ocrx_word' id='word_1_17' title='bbox 761 838 874 910; x_wconf 87' lang='lat' dir='ltr'>vitam</span> <span class='ocrx_word' id='word_1_18' title='bbox 891 837 962 910; x_wconf 91' lang='lat' dir='ltr'>sibi</span> <span class='ocrx_word' id='word_1_19' title='bbox 982 838 1183 936; x_wconf 90' lang='lat' dir='ltr'>optabilem</span> <span class='ocrx_word' id='word_1_20' title='bbox 1205 862 1286 912; x_wconf 87' lang='lat' dir='ltr'>esse</span> 
     </span>
     <span class='ocr_line' id='line_1_4' title="bbox 231 959 1288 1061; baseline 0.005 -31"><span class='ocrx_word' id='word_1_21' title='bbox 231 959 354 1040; x_wconf 87' lang='lat' dir='ltr'>ducat,</span> <span class='ocrx_word' id='word_1_22' title='bbox 387 959 531 1033; x_wconf 86' lang='lat' dir='ltr'>etiamsi</span> <span class='ocrx_word' id='word_1_23' title='bbox 555 967 761 1034; x_wconf 86' lang='lat' dir='ltr'>ceterorum</span> <span class='ocrx_word' id='word_1_24' title='bbox 792 962 972 1035; x_wconf 91' lang='lat' dir='ltr'>bonorum</span> <span class='ocrx_word' id='word_1_25' title='bbox 1001 963 1108 1061; x_wconf 91' lang='lat' dir='ltr'>copia</span> <span class='ocrx_word' id='word_1_26' title='bbox 1137 963 1288 1035; x_wconf 86' lang='lat' dir='ltr'>circum-</span> 
     </span>
     <span class='ocr_line' id='line_1_5' title="bbox 232 1085 1287 1183; baseline 0.005 -28"><span class='ocrx_word' id='word_1_27' title='bbox 232 1085 349 1156; x_wconf 74' lang='lat' dir='ltr'>lluat?</span> <span class='ocrx_word' id='word_1_28' title='bbox 363 1086 517 1159; x_wconf 72' lang='lat' dir='ltr'>Praestat</span> <span class='ocrx_word' id='word_1_29' title='bbox 533 1085 615 1158; x_wconf 91' lang='lat' dir='ltr'>ideo</span> <span class='ocrx_word' id='word_1_30' title='bbox 631 1087 795 1159; x_wconf 90' lang='lat' dir='ltr'>amicitia</span> <span class='ocrx_word' id='word_1_31' title='bbox 809 1087 917 1160; x_wconf 92' lang='lat' dir='ltr'>bonis</span> <span class='ocrx_word' id='word_1_32' title='bbox 934 1087 1107 1160; x_wconf 87' lang='lat' dir='ltr'>omnibus</span> <span class='ocrx_word' id='word_1_33' title='bbox 1128 1112 1223 1183; x_wconf 70' lang='lat' dir='ltr'>quaa,</span> <span class='ocrx_word' id='word_1_34' title='bbox 1244 1112 1287 1160; x_wconf 86' lang='lat' dir='ltr'>oa</span> 
     </span>
     <span class='ocr_line' id='line_1_6' title="bbox 230 1209 661 1293; baseline 0.007 -14"><span class='ocrx_word' id='word_1_35' title='bbox 230 1209 389 1293; x_wconf 87' lang='lat' dir='ltr'>sublata,</span> <span class='ocrx_word' id='word_1_36' title='bbox 409 1209 661 1284; x_wconf 76' lang='lat' dir='ltr'>obsolescunt.</span> 
     </span>
    </p>

    <p class='ocr_par' dir='ltr' id='par_1_2' title="bbox 144 1335 1296 2677">
     <span class='ocr_line' id='line_1_7' title="bbox 278 1335 1290 1434; baseline 0.004 -29"><span class='ocrx_word' id='word_1_37' title='bbox 278 1335 422 1406; x_wconf 81' lang='lat' dir='ltr'>¹Etenim</span> <span class='ocrx_word' id='word_1_38' title='bbox 439 1335 502 1431; x_wconf 89' lang='lat' dir='ltr'>qui</span> <span class='ocrx_word' id='word_1_39' title='bbox 519 1336 651 1409; x_wconf 88' lang='lat' dir='ltr'>ceteris</span> <span class='ocrx_word' id='word_1_40' title='bbox 666 1337 773 1409; x_wconf 89' lang='lat' dir='ltr'>bonis</span> <span class='ocrx_word' id='word_1_41' title='bbox 789 1336 993 1419; x_wconf 85' lang='lat' dir='ltr'>abundant,</span> <span class='ocrx_word' id='word_1_42' title='bbox 1006 1337 1031 1408; x_wconf 92' lang='lat' dir='ltr'>ii</span> <span class='ocrx_word' id='word_1_43' title='bbox 1046 1337 1290 1434; x_wconf 90' lang='lat' dir='ltr'>potissimum</span> 
     </span>
     <span class='ocr_line' id='line_1_8' title="bbox 144 1453 1281 1559; baseline 0.004 -29"><span class='ocrx_word' id='word_1_44' title='bbox 144 1453 169 1465; x_wconf 77' lang='grc'>”</span> <span class='ocrx_word' id='word_1_45' title='bbox 230 1457 392 1530; x_wconf 87' lang='lat' dir='ltr'>amicitia</span> <span class='ocrx_word' id='word_1_46' title='bbox 413 1459 592 1555; x_wconf 82' lang='lat' dir='ltr'>indigent.</span> <span class='ocrx_word' id='word_1_47' title='bbox 616 1460 731 1545; x_wconf 83' lang='lat' dir='ltr'>Quem</span> <span class='ocrx_word' id='word_1_48' title='bbox 745 1461 844 1533; x_wconf 92' lang='lat' dir='ltr'>enim</span> <span class='ocrx_word' id='word_1_49' title='bbox 864 1461 1025 1534; x_wconf 83' lang='lat' dir='ltr'>fructum</span> <span class='ocrx_word' id='word_1_50' title='bbox 1053 1486 1072 1533; x_wconf 91' lang='lat' dir='ltr'>e</span> <span class='ocrx_word' id='word_1_51' title='bbox 1093 1461 1281 1559; x_wconf 71' lang='lat' dir='ltr'>prosperis</span> 
     </span>
     <span class='ocr_line' id='line_1_9' title="bbox 230 1583 1284 1683; baseline 0.005 -30"><span class='ocrx_word' id='word_1_52' title='bbox 230 1583 340 1655; x_wconf 92' lang='lat' dir='ltr'>rebus</span> <span class='ocrx_word' id='word_1_53' title='bbox 361 1607 403 1655; x_wconf 90' lang='lat' dir='ltr'>ac</span> <span class='ocrx_word' id='word_1_54' title='bbox 435 1583 594 1657; x_wconf 86' lang='lat' dir='ltr'>fortunis</span> <span class='ocrx_word' id='word_1_55' title='bbox 628 1585 846 1683; x_wconf 77' lang='lat' dir='ltr'>perciperet,</span> <span class='ocrx_word' id='word_1_56' title='bbox 872 1587 902 1658; x_wconf 94' lang='lat' dir='ltr'>is</span> <span class='ocrx_word' id='word_1_57' title='bbox 929 1586 987 1658; x_wconf 88' lang='lat' dir='ltr'>cui</span> <span class='ocrx_word' id='word_1_58' title='bbox 1004 1587 1130 1659; x_wconf 91' lang='lat' dir='ltr'>nullus</span> <span class='ocrx_word' id='word_1_59' title='bbox 1159 1610 1284 1683; x_wconf 91' lang='lat' dir='ltr'>super-</span> 
     </span>
     <span class='ocr_line' id='line_1_10' title="bbox 228 1707 1289 1807; baseline 0.003 -28"><span class='ocrx_word' id='word_1_60' title='bbox 228 1713 325 1780; x_wconf 86' lang='lat' dir='ltr'>osset</span> <span class='ocrx_word' id='word_1_61' title='bbox 341 1707 596 1781; x_wconf 84' lang='lat' dir='ltr'>benefaciendi</span> <span class='ocrx_word' id='word_1_62' title='bbox 614 1711 748 1782; x_wconf 68' lang='lat' dir='ltr'>locust</span> <span class='ocrx_word' id='word_1_63' title='bbox 777 1711 849 1783; x_wconf 84' lang='lat' dir='ltr'>Aut</span> <span class='ocrx_word' id='word_1_64' title='bbox 879 1734 1040 1807; x_wconf 88' lang='lat' dir='ltr'>quonam</span> <span class='ocrx_word' id='word_1_65' title='bbox 1072 1711 1179 1783; x_wconf 93' lang='lat' dir='ltr'>modo</span> <span class='ocrx_word' id='word_1_66' title='bbox 1210 1734 1289 1782; x_wconf 92' lang='lat' dir='ltr'>rem</span> 
     </span>
     <span class='ocr_line' id='line_1_11' title="bbox 229 1832 1296 1931; baseline 0.004 -28"><span class='ocrx_word' id='word_1_67' title='bbox 229 1832 366 1904; x_wconf 85' lang='lat' dir='ltr'>lautam</span> <span class='ocrx_word' id='word_1_68' title='bbox 384 1833 463 1906; x_wconf 92' lang='lat' dir='ltr'>sine</span> <span class='ocrx_word' id='word_1_69' title='bbox 479 1833 606 1906; x_wconf 88' lang='lat' dir='ltr'>amicis</span> <span class='ocrx_word' id='word_1_70' title='bbox 622 1834 807 1906; x_wconf 79' lang='lat' dir='ltr'>custodire</span> <span class='ocrx_word' id='word_1_71' title='bbox 822 1834 1119 1931; x_wconf 82' lang='lat' dir='ltr'>incolumemque</span> <span class='ocrx_word' id='word_1_72' title='bbox 1135 1853 1296 1908; x_wconf 87' lang='lat' dir='ltr'>servare</span> 
     </span>
     <span class='ocr_line' id='line_1_12' title="bbox 228 1958 1285 2059; baseline 0.003 -30"><span class='ocrx_word' id='word_1_73' title='bbox 228 1963 377 2053; x_wconf 68' lang='lat' dir='ltr'>posset?</span> <span class='ocrx_word' id='word_1_74' title='bbox 396 1958 504 2030; x_wconf 90' lang='lat' dir='ltr'>Nulla</span> <span class='ocrx_word' id='word_1_75' title='bbox 516 1958 611 2041; x_wconf 72' lang='lat' dir='ltr'>vitm,</span> <span class='ocrx_word' id='word_1_76' title='bbox 630 1958 787 2031; x_wconf 91' lang='lat' dir='ltr'>sublatis</span> <span class='ocrx_word' id='word_1_77' title='bbox 804 1959 945 2042; x_wconf 70' lang='lat' dir='ltr'>amicis</span> <span class='ocrx_word' id='word_1_78' title='bbox 965 1960 1144 2032; x_wconf 80' lang='lat' dir='ltr'>securitas</span> <span class='ocrx_word' id='word_1_79' title='bbox 1161 1984 1285 2059; x_wconf 87' lang='lat' dir='ltr'>super·</span> 
     </span>
     <span class='ocr_line' id='line_1_13' title="bbox 227 2082 1281 2181; baseline 0.006 -29"><span class='ocrx_word' id='word_1_80' title='bbox 227 2087 296 2163; x_wconf 89' lang='lat' dir='ltr'>est,</span> <span class='ocrx_word' id='word_1_81' title='bbox 319 2082 438 2176; x_wconf 78' lang='lat' dir='ltr'>gratia</span> <span class='ocrx_word' id='word_1_82' title='bbox 464 2083 579 2155; x_wconf 90' lang='lat' dir='ltr'>nulla.</span> <span class='ocrx_word' id='word_1_83' title='bbox 611 2083 667 2154; x_wconf 96' lang='lat' dir='ltr'>llli</span> <span class='ocrx_word' id='word_1_84' title='bbox 685 2083 787 2154; x_wconf 88' lang='lat' dir='ltr'>enim</span> <span class='ocrx_word' id='word_1_85' title='bbox 816 2084 923 2156; x_wconf 88' lang='lat' dir='ltr'>nobis</span> <span class='ocrx_word' id='word_1_86' title='bbox 951 2084 1204 2178; x_wconf 82' lang='lat' dir='ltr'>indigentibus</span> <span class='ocrx_word' id='word_1_87' title='bbox 1222 2086 1281 2181; x_wconf 81' lang='lat' dir='ltr'>ju-</span> 
     </span>
     <span class='ocr_line' id='line_1_14' title="bbox 227 2207 1280 2304; baseline 0.005 -28"><span class='ocrx_word' id='word_1_88' title='bbox 227 2210 326 2288; x_wconf 80' lang='lat' dir='ltr'>vant,</span> <span class='ocrx_word' id='word_1_89' title='bbox 364 2207 557 2304; x_wconf 84' lang='lat' dir='ltr'>opulentos</span> <span class='ocrx_word' id='word_1_90' title='bbox 596 2208 820 2290; x_wconf 84' lang='lat' dir='ltr'>detendunt,</span> <span class='ocrx_word' id='word_1_91' title='bbox 858 2208 1110 2280; x_wconf 83' lang='lat' dir='ltr'>adolescentes</span> <span class='ocrx_word' id='word_1_92' title='bbox 1139 2208 1280 2281; x_wconf 85' lang='lat' dir='ltr'>avitiis</span> 
     </span>
     <span class='ocr_line' id='line_1_15' title="bbox 226 2331 1277 2432; baseline 0.004 -30"><span class='ocrx_word' id='word_1_93' title='bbox 226 2331 425 2414; x_wconf 87' lang='lat' dir='ltr'>deterrent,</span> <span class='ocrx_word' id='word_1_94' title='bbox 449 2338 485 2404; x_wconf 89' lang='lat' dir='ltr'>et</span> <span class='ocrx_word' id='word_1_95' title='bbox 500 2333 546 2404; x_wconf 90' lang='lat' dir='ltr'>ad</span> <span class='ocrx_word' id='word_1_96' title='bbox 561 2333 712 2415; x_wconf 82' lang='lat' dir='ltr'>bonum,</span> <span class='ocrx_word' id='word_1_97' title='bbox 737 2332 902 2407; x_wconf 83' lang='lat' dir='ltr'>sodalicii</span> <span class='ocrx_word' id='word_1_98' title='bbox 917 2333 1108 2416; x_wconf 85' lang='lat' dir='ltr'>beneficio,</span> <span class='ocrx_word' id='word_1_99' title='bbox 1129 2357 1277 2432; x_wconf 92' lang='lat' dir='ltr'>promp-</span> 
     </span>
     <span class='ocr_line' id='line_1_16' title="bbox 225 2455 1279 2552; baseline 0.004 -25"><span class='ocrx_word' id='word_1_100' title='bbox 225 2455 337 2528; x_wconf 89' lang='lat' dir='ltr'>tiores</span> <span class='ocrx_word' id='word_1_101' title='bbox 367 2457 506 2529; x_wconf 84' lang='lat' dir='ltr'>faciunt</span> <span class='ocrx_word' id='word_1_102' title='bbox 529 2480 536 2529; x_wconf 92' lang='lat'><strong>:</strong></span> <span class='ocrx_word' id='word_1_103' title='bbox 559 2458 720 2530; x_wconf 86' lang='lat' dir='ltr'>seniores</span> <span class='ocrx_word' id='word_1_104' title='bbox 748 2462 871 2530; x_wconf 90' lang='lat' dir='ltr'>autem</span> <span class='ocrx_word' id='word_1_105' title='bbox 896 2462 1024 2530; x_wconf 89' lang='lat' dir='ltr'>contra</span> <span class='ocrx_word' id='word_1_106' title='bbox 1039 2458 1279 2552; x_wconf 87' lang='lat' dir='ltr'>solitudinem</span> 
     </span>
     <span class='ocr_line' id='line_1_17' title="bbox 176 2580 719 2677; baseline -0.006 -22"><span class='ocrx_word' id='word_1_107' title='bbox 176 2644 182 2655; x_wconf 91' lang='lat'>.</span> <span class='ocrx_word' id='word_1_108' title='bbox 225 2580 719 2677; x_wconf 86' lang='lat' dir='ltr'>desideriumquetutantur.</span> 
     </span>
    </p>

    <p class='ocr_par' dir='ltr' id='par_1_3' title="bbox 210 2706 1279 3926">
     <span class='ocr_line' id='line_1_18' title="bbox 272 2706 1279 2800; baseline 0.007 -24"><span class='ocrx_word' id='word_1_109' title='bbox 272 2706 396 2800; x_wconf 76' lang='lat' dir='ltr'>Neque</span> <span class='ocrx_word' id='word_1_110' title='bbox 412 2707 532 2779; x_wconf 89' lang='lat' dir='ltr'>solum</span> <span class='ocrx_word' id='word_1_111' title='bbox 548 2706 710 2779; x_wconf 89' lang='lat' dir='ltr'>amicitia</span> <span class='ocrx_word' id='word_1_112' title='bbox 727 2706 918 2778; x_wconf 89' lang='lat' dir='ltr'>bominum</span> <span class='ocrx_word' id='word_1_113' title='bbox 932 2707 1099 2779; x_wconf 89' lang='lat' dir='ltr'>societati</span> <span class='ocrx_word' id='word_1_114' title='bbox 1117 2733 1279 2782; x_wconf 84' lang='lat' dir='ltr'>necessa-</span> 
     </span>
     <span class='ocr_line' id='line_1_19' title="bbox 210 2830 1276 2913; baseline 0.007 -13"><span class='ocrx_word' id='word_1_115' title='bbox 210 2830 279 2902; x_wconf 87' lang='lat' dir='ltr'>ria</span> <span class='ocrx_word' id='word_1_116' title='bbox 300 2854 358 2903; x_wconf 84' lang='lat' dir='ltr'>res</span> <span class='ocrx_word' id='word_1_117' title='bbox 378 2836 446 2913; x_wconf 74' lang='lat' dir='ltr'>cst,</span> <span class='ocrx_word' id='word_1_118' title='bbox 471 2832 535 2903; x_wconf 88' lang='lat' dir='ltr'>scd</span> <span class='ocrx_word' id='word_1_119' title='bbox 556 2831 662 2904; x_wconf 90' lang='lat' dir='ltr'>nobis</span> <span class='ocrx_word' id='word_1_120' title='bbox 682 2831 793 2903; x_wconf 89' lang='lat' dir='ltr'>ctiam</span> <span class='ocrx_word' id='word_1_121' title='bbox 816 2832 1036 2904; x_wconf 91' lang='lat' dir='ltr'>naturaliter</span> <span class='ocrx_word' id='word_1_122' title='bbox 1051 2832 1190 2906; x_wconf 87' lang='lat' dir='ltr'>insita:</span> <span class='ocrx_word' id='word_1_123' title='bbox 1215 2859 1276 2907; x_wconf 89' lang='lat' dir='ltr'>na-</span> 
     </span>
     <span class='ocr_line' id='line_1_20' title="bbox 223 2955 1277 3054; baseline 0.005 -28"><span class='ocrx_word' id='word_1_124' title='bbox 223 2961 307 3027; x_wconf 88' lang='lat' dir='ltr'>tura</span> <span class='ocrx_word' id='word_1_125' title='bbox 340 2956 437 3027; x_wconf 90' lang='lat' dir='ltr'>onim</span> <span class='ocrx_word' id='word_1_126' title='bbox 478 2979 543 3029; x_wconf 91' lang='lat' dir='ltr'>nos</span> <span class='ocrx_word' id='word_1_127' title='bbox 581 2955 697 3028; x_wconf 90' lang='lat' dir='ltr'>allicit</span> <span class='ocrx_word' id='word_1_128' title='bbox 744 2955 790 3026; x_wconf 90' lang='lat' dir='ltr'>ad</span> <span class='ocrx_word' id='word_1_129' title='bbox 824 2955 1053 3050; x_wconf 80' lang='lat' dir='ltr'>diligendum</span> <span class='ocrx_word' id='word_1_130' title='bbox 1089 2957 1277 3054; x_wconf 87' lang='lat' dir='ltr'>jussitque</span> 
     </span>
     <span class='ocr_line' id='line_1_21' title="bbox 222 3074 1278 3179; baseline 0.004 -27"><span class='ocrx_word' id='word_1_131' title='bbox 222 3074 452 3154; x_wconf 76' lang='lat' dir='ltr'>affectionem</span> <span class='ocrx_word' id='word_1_132' title='bbox 469 3081 589 3153; x_wconf 87' lang='lat' dir='ltr'>inesse</span> <span class='ocrx_word' id='word_1_133' title='bbox 602 3082 660 3164; x_wconf 91' lang='lat' dir='ltr'>iis,</span> <span class='ocrx_word' id='word_1_134' title='bbox 677 3081 741 3177; x_wconf 90' lang='lat' dir='ltr'>qui</span> <span class='ocrx_word' id='word_1_135' title='bbox 751 3087 1007 3178; x_wconf 87' lang='lat' dir='ltr'>procreassent</span> <span class='ocrx_word' id='word_1_136' title='bbox 1022 3081 1176 3179; x_wconf 91' lang='lat' dir='ltr'>aliquid,</span> <span class='ocrx_word' id='word_1_137' title='bbox 1191 3107 1278 3178; x_wconf 85' lang='lat' dir='ltr'>erga</span> 
     </span>
     <span class='ocr_line' id='line_1_22' title="bbox 221 3205 1276 3310; baseline 0.003 -34"><span class='ocrx_word' id='word_1_138' title='bbox 221 3205 400 3299; x_wconf 77' lang='lat' dir='ltr'>genitum,</span> <span class='ocrx_word' id='word_1_139' title='bbox 425 3229 544 3310; x_wconf 87' lang='lat' dir='ltr'>nequo</span> <span class='ocrx_word' id='word_1_140' title='bbox 567 3205 842 3279; x_wconf 86' lang='lat' dir='ltr'>inhominibus</span> <span class='ocrx_word' id='word_1_141' title='bbox 863 3207 983 3279; x_wconf 91' lang='lat' dir='ltr'>solum</span> <span class='ocrx_word' id='word_1_142' title='bbox 1006 3208 1070 3280; x_wconf 92' lang='lat' dir='ltr'>sed</span> <span class='ocrx_word' id='word_1_143' title='bbox 1100 3208 1211 3281; x_wconf 91' lang='lat' dir='ltr'>etiam</span> <span class='ocrx_word' id='word_1_144' title='bbox 1239 3209 1276 3280; x_wconf 90' lang='lat' dir='ltr'>in</span> 
     </span>
     <span class='ocr_line' id='line_1_23' title="bbox 221 3329 1277 3429; baseline 0.005 -29"><span class='ocrx_word' id='word_1_145' title='bbox 221 3329 444 3403; x_wconf 83' lang='lat' dir='ltr'>animalibus</span> <span class='ocrx_word' id='word_1_146' title='bbox 461 3330 571 3428; x_wconf 89' lang='lat' dir='ltr'>ipsis;</span> <span class='ocrx_word' id='word_1_147' title='bbox 591 3354 657 3403; x_wconf 91' lang='lat' dir='ltr'>nec</span> <span class='ocrx_word' id='word_1_148' title='bbox 688 3332 808 3404; x_wconf 93' lang='lat' dir='ltr'>solum</span> <span class='ocrx_word' id='word_1_149' title='bbox 833 3332 965 3429; x_wconf 89' lang='lat' dir='ltr'>privati</span> <span class='ocrx_word' id='word_1_150' title='bbox 1000 3332 1171 3405; x_wconf 81' lang='lat' dir='ltr'>amicitiae</span> <span class='ocrx_word' id='word_1_151' title='bbox 1201 3333 1277 3405; x_wconf 85' lang='lat' dir='ltr'>vin-</span> 
     </span>
     <span class='ocr_line' id='line_1_24' title="bbox 221 3448 1274 3538; baseline 0.002 -12"><span class='ocrx_word' id='word_1_152' title='bbox 221 3453 313 3526; x_wconf 91' lang='lat' dir='ltr'>culis</span> <span class='ocrx_word' id='word_1_153' title='bbox 352 3448 449 3526; x_wconf 86' lang='lat' dir='ltr'>inter</span> <span class='ocrx_word' id='word_1_154' title='bbox 490 3479 528 3526; x_wconf 89' lang='lat' dir='ltr'>se</span> <span class='ocrx_word' id='word_1_155' title='bbox 567 3455 823 3538; x_wconf 88' lang='lat' dir='ltr'>continentur,</span> <span class='ocrx_word' id='word_1_156' title='bbox 860 3456 1065 3528; x_wconf 88' lang='lat' dir='ltr'>sedetiam</span> <span class='ocrx_word' id='word_1_157' title='bbox 1107 3457 1274 3530; x_wconf 87' lang='lat' dir='ltr'>civitates</span> 
     </span>
     <span class='ocr_line' id='line_1_25' title="bbox 220 3580 1275 3677; baseline 0.002 -27"><span class='ocrx_word' id='word_1_158' title='bbox 220 3584 331 3674; x_wconf 88' lang='lat' dir='ltr'>atque</span> <span class='ocrx_word' id='word_1_159' title='bbox 351 3583 479 3674; x_wconf 82' lang='lat' dir='ltr'>gentes</span> <span class='ocrx_word' id='word_1_160' title='bbox 494 3584 531 3650; x_wconf 93' lang='lat' dir='ltr'>et</span> <span class='ocrx_word' id='word_1_161' title='bbox 544 3601 697 3674; x_wconf 80' lang='lat' dir='ltr'>genera;</span> <span class='ocrx_word' id='word_1_162' title='bbox 721 3580 807 3663; x_wconf 87' lang='lat' dir='ltr'>imo,</span> <span class='ocrx_word' id='word_1_163' title='bbox 827 3581 872 3652; x_wconf 90' lang='lat' dir='ltr'>ad</span> <span class='ocrx_word' id='word_1_164' title='bbox 888 3604 947 3652; x_wconf 88' lang='lat' dir='ltr'>res</span> <span class='ocrx_word' id='word_1_165' title='bbox 961 3604 1044 3677; x_wconf 85' lang='lat' dir='ltr'>quae</span> <span class='ocrx_word' id='word_1_166' title='bbox 1058 3586 1180 3653; x_wconf 87' lang='lat' dir='ltr'>monte</span> <span class='ocrx_word' id='word_1_167' title='bbox 1194 3606 1275 3654; x_wconf 91' lang='lat' dir='ltr'>con-</span> 
     </span>
     <span class='ocr_line' id='line_1_26' title="bbox 220 3703 1275 3802; baseline 0.004 -28"><span class='ocrx_word' id='word_1_168' title='bbox 220 3703 420 3802; x_wconf 85' lang='lat' dir='ltr'>cipiuntur,</span> <span class='ocrx_word' id='word_1_169' title='bbox 447 3703 658 3776; x_wconf 86' lang='lat' dir='ltr'>extenditur</span> <span class='ocrx_word' id='word_1_170' title='bbox 678 3704 827 3776; x_wconf 90' lang='lat' dir='ltr'>amandi</span> <span class='ocrx_word' id='word_1_171' title='bbox 856 3703 1025 3787; x_wconf 87' lang='lat' dir='ltr'>facultas,</span> <span class='ocrx_word' id='word_1_172' title='bbox 1048 3705 1188 3778; x_wconf 88' lang='lat' dir='ltr'>scilicet</span> <span class='ocrx_word' id='word_1_173' title='bbox 1202 3706 1275 3800; x_wconf 82' lang='lat' dir='ltr'>glo·</span> 
     </span>
     <span class='ocr_line' id='line_1_27' title="bbox 219 3828 1272 3926; baseline 0.002 -26"><span class='ocrx_word' id='word_1_174' title='bbox 219 3829 325 3911; x_wconf 84' lang='lat' dir='ltr'>riam,</span> <span class='ocrx_word' id='word_1_175' title='bbox 344 3828 535 3911; x_wconf 88' lang='lat' dir='ltr'>honorem,</span> <span class='ocrx_word' id='word_1_176' title='bbox 560 3829 688 3926; x_wconf 81' lang='lat' dir='ltr'>patriae</span> <span class='ocrx_word' id='word_1_177' title='bbox 708 3829 880 3901; x_wconf 84' lang='lat' dir='ltr'>instituta</span> <span class='ocrx_word' id='word_1_178' title='bbox 901 3835 965 3902; x_wconf 94' lang='lat' dir='ltr'>aut</span> <span class='ocrx_word' id='word_1_179' title='bbox 997 3829 1178 3926; x_wconf 84' lang='lat' dir='ltr'>majorum</span> <span class='ocrx_word' id='word_1_180' title='bbox 1198 3855 1272 3903; x_wconf 89' lang='lat' dir='ltr'>me-</span> 
     </span>
    </p>
   </div>
   <div class='ocr_carea' id='block_1_2' title="bbox 137 3954 388 4027">
    <p class='ocr_par' dir='ltr' id='par_1_4' title="bbox 137 3954 388 4027">
     <span class='ocr_line' id='line_1_28' title="bbox 137 3954 388 4027; baseline 0.004 -4"><span class='ocrx_word' id='word_1_181' title='bbox 137 3967 142 3974; x_wconf 78' lang='grc'><strong>“</strong></span> <span class='ocrx_word' id='word_1_182' title='bbox 220 3954 388 4027; x_wconf 86' lang='lat' dir='ltr'>moriam.</span> 
     </span>
    </p>
   </div>
   <div class='ocr_carea' id='block_1_3' title="bbox 218 4077 1271 4426">
    <p class='ocr_par' dir='ltr' id='par_1_5' title="bbox 218 4077 1271 4426">
     <span class='ocr_line' id='line_1_29' title="bbox 266 4077 1269 4178; baseline 0.004 -29"><span class='ocrx_word' id='word_1_183' title='bbox 266 4078 367 4150; x_wconf 82' lang='lat' dir='ltr'>Adde</span> <span class='ocrx_word' id='word_1_184' title='bbox 388 4077 443 4150; x_wconf 94' lang='lat' dir='ltr'>his</span> <span class='ocrx_word' id='word_1_185' title='bbox 470 4077 670 4150; x_wconf 80' lang='lat' dir='ltr'>ainicitiam</span> <span class='ocrx_word' id='word_1_186' title='bbox 698 4079 866 4150; x_wconf 85' lang='lat' dir='ltr'>decoram</span> <span class='ocrx_word' id='word_1_187' title='bbox 889 4103 969 4151; x_wconf 90' lang='lat' dir='ltr'>esso</span> <span class='ocrx_word' id='word_1_188' title='bbox 991 4105 1033 4152; x_wconf 90' lang='lat' dir='ltr'>ac</span> <span class='ocrx_word' id='word_1_189' title='bbox 1054 4079 1269 4178; x_wconf 90' lang='lat' dir='ltr'>pulchram:</span> 
     </span>
     <span class='ocr_line' id='line_1_30' title="bbox 218 4200 1271 4295; baseline 0.004 -24"><span class='ocrx_word' id='word_1_190' title='bbox 218 4200 282 4295; x_wconf 79' lang='lat' dir='ltr'>qui</span> <span class='ocrx_word' id='word_1_191' title='bbox 302 4224 383 4272; x_wconf 88' lang='lat' dir='ltr'>eam</span> <span class='ocrx_word' id='word_1_192' title='bbox 410 4201 536 4273; x_wconf 87' lang='lat' dir='ltr'>colunt</span> <span class='ocrx_word' id='word_1_193' title='bbox 562 4205 598 4272; x_wconf 92' lang='lat' dir='ltr'>et</span> <span class='ocrx_word' id='word_1_194' title='bbox 619 4208 854 4284; x_wconf 88' lang='lat' dir='ltr'>venerantur,</span> <span class='ocrx_word' id='word_1_195' title='bbox 880 4227 942 4275; x_wconf 84' lang='lat' dir='ltr'>eos</span> <span class='ocrx_word' id='word_1_196' title='bbox 964 4227 1030 4276; x_wconf 92' lang='lat' dir='ltr'>nos</span> <span class='ocrx_word' id='word_1_197' title='bbox 1052 4204 1206 4276; x_wconf 89' lang='lat' dir='ltr'>invicem</span> <span class='ocrx_word' id='word_1_198' title='bbox 1235 4211 1271 4276; x_wconf 88' lang='lat' dir='ltr'>et</span> 
     </span>
     <span class='ocr_line' id='line_1_31' title="bbox 219 4326 1271 4426; baseline 0.006 -31"><span class='ocrx_word' id='word_1_199' title='bbox 219 4348 435 4398; x_wconf 81' lang='lat' dir='ltr'>voncramur</span> <span class='ocrx_word' id='word_1_200' title='bbox 466 4332 502 4397; x_wconf 92' lang='lat' dir='ltr'>ot</span> <span class='ocrx_word' id='word_1_201' title='bbox 529 4326 707 4417; x_wconf 79' lang='lat' dir='ltr'>colimus3</span> <span class='ocrx_word' id='word_1_202' title='bbox 733 4329 1010 4426; x_wconf 87' lang='lat' dir='ltr'>permultosque</span> <span class='ocrx_word' id='word_1_203' title='bbox 1040 4328 1177 4402; x_wconf 87' lang='lat' dir='ltr'>amicos</span> <span class='ocrx_word' id='word_1_204' title='bbox 1211 4329 1271 4401; x_wconf 81' lang='lat' dir='ltr'>lia-</span> 
     </span>
    </p>
   </div>
   <div class='ocr_carea' id='block_1_4' title="bbox 0 0 1542 5198">
    <p class='ocr_par' dir='ltr' id='par_1_6' title="bbox 0 0 1542 5198">
     <span class='ocr_line' id='line_1_32' title="bbox 0 0 1542 5198; baseline 0 5"><span class='ocrx_word' id='word_1_205' title='bbox 0 0 1542 5198; x_wconf 95' lang='lat' dir='ltr'> </span> 
     </span>
    </p>
   </div>
  </div>
 </body>
</html>
