3074 5198
674 605 832 665 „25-

225 737 522 836 respieientibus,
546 737 697 812 minime
735 762 821 812 vero
854 741 1142 811 consentaneum
1164 736 1273 817 esset,

224 862 254 934 si
277 863 535 964 profiteremur
552 863 801 958 aequalitatem
822 862 936 944 illam,
959 885 1024 935 seu
1045 870 1169 947 ἰσότητα,
1194 848 1303 1060 ᾳυεἽ

224 988 387 1061 amicitia
407 988 578 1084 exigitur,
608 1012 755 1086 semper
777 993 813 1061 et
837 988 976 1085 ubique
1009 985 1105 1059 effici
1150 1008 1273 1083 posse,

224 1111 369 1184 etiamsi
391 1112 414 1184 ii
436 1113 499 1208 qni
517 1117 682 1184 mutuam
703 1111 996 1185 benevolentiam
1017 1112 1210 1208 appetunt,
1240 1112 1277 1180 et

225 1235 385 1330 ingenio,
409 1242 444 1308 ct
470 1236 631 1318 fortuna,
666 1241 702 1308 et
723 1259 873 1309 munere
893 1259 1005 1331 quam
1025 1233 1182 1306 maxime
1199 1232 1274 1305 dis·

224 1366 429 1458 creparent.
453 1361 529 1433 lmo
549 1366 702 1434 contra:
728 1367 767 1433 ut
782 1385 840 1433 res
865 1360 959 1432 bene
979 1382 1061 1432 sese
1099 1357 1273 1438 habeant,

224 1489 335 1581 atque
365 1485 609 1566 necessitudo,
641 1508 724 1581 quae
752 1484 980 1557 instituenda
1006 1487 1074 1565 est,
1105 1504 1172 1554 nec
1191 1483 1277 1552 ficta
1336 1580 1338 1585 ,

119 1588 123 1595 ¹
224 1632 291 1681 nec
310 1610 446 1681 caduca
475 1609 617 1691 eradat,
650 1632 799 1682 necesse
819 1614 874 1681 est
890 1609 928 1691 ii,
963 1608 1026 1704 qni
1060 1607 1275 1680 societatem

204 1733 317 1807 'inire
337 1734 503 1832 cupiunt,
530 1733 685 1831 jamjam
708 1734 920 1830 aequalitate
945 1733 1118 1829 quadam,
1142 1736 1275 1804 natura

224 1865 447 1957 comparata,
470 1857 725 1932 concilientur.
745 1859 907 1954 lgiturin
924 1855 1275 1932 inchoandisamici·

225 1983 286 2057 tiis
323 1985 572 2082 exoptandum
609 1989 666 2056 est
696 1989 747 2064 ut,
785 1984 848 2079 qui
888 1977 967 2055 sese
1006 1980 1274 2076 conglutinant,

224 2107 360 2190 indole,
393 2109 548 2191 studiis,
579 2114 708 2191 aetate,
739 2109 887 2180 fortuna
917 2107 994 2203 jam
1023 2129 1138 2204 prope
1169 2128 1277 2202 pares

224 2233 310 2306 sint.
330 2233 544 2331 Superiores
570 2236 669 2306 euim
701 2257 781 2306 sese
812 2256 895 2304 cum
922 2230 1161 2304 inferioribus
1182 2253 1277 2324 aegre

224 2363 429 2453 exaequant.
455 2357 636 2441 Privatus,
655 2358 787 2430 humili
809 2357 888 2429 loeo
913 2362 1034 2436 natus,
1063 2379 1183 2451 neque
1209 2355 1277 2427 deo

223 2482 382 2564 cuidam,
406 2505 526 2579 neque
547 2481 657 2554 etiam
673 2479 749 2575 rogi
771 2504 854 2553 vere
867 2477 1012 2552 amicus
1024 2502 1104 2553 esse
1121 2477 1274 2577 poterit;

223 2611 335 2702 atque
369 2606 516 2678 demum
555 2628 598 2678 eo
632 2605 748 2701 magis
786 2615 971 2702 prompta,
1009 2608 1045 2676 et
1082 2604 1201 2684 firma,
1241 2607 1278 2673 et

223 2731 401 2804 diuturna
420 2731 490 2804 erit
510 2730 672 2802 amicitia
705 2753 779 2825 quo
813 2728 930 2822 magis
961 2727 1101 2800 similes
1118 2726 1215 2798 inter
1237 2749 1276 2798 se

223 2855 368 2927 sodales
384 2854 629 2952 conjunxerit.

269 2979 419 3052 Exsistit
448 2985 571 3052 autem
594 2979 660 3052 hoc
700 2980 778 3051 loco
808 2978 894 3071 haec,
917 2975 1073 3074 quaestio
1101 2975 1275 3048 subtilis:

223 3105 317 3179 Num
339 3104 443 3177 decet
459 3104 617 3176 amicum
638 3102 755 3176 amieo
782 3125 969 3176 summum
997 3101 1134 3173 bonum
1167 3122 1275 3196 exop-

224 3234 316 3310 tare,
336 3228 475 3301 scilieet
497 3233 536 3307 ut
556 3228 646 3300 deus
667 3229 761 3300 fiat?
783 3228 893 3299 Recte
914 3222 1221 3323 respondebimus
1241 3223 1278 3294 id

224 3353 301 3425 fore
328 3353 421 3424 bene
454 3352 654 3424 dummodo
685 3351 720 3423 in
750 3349 989 3423 terrestribus
1019 3348 1126 3422 bonis
1153 3352 1278 3420 votum

226 3482 402 3549 moretur.
426 3477 594 3548 Humana
612 3475 711 3547 euim
743 3499 785 3547 ae
813 3474 1002 3546 terrestris
1031 3497 1090 3546 res
1115 3471 1279 3545 amicitia

224 3606 294 3682 est,
313 3623 433 3695 neque
455 3599 556 3671 illam
589 3600 686 3671 ultra
719 3600 811 3670 fines
832 3596 1075 3669 humanitatis
1104 3596 1279 3670 excedere

225 3725 280 3798 fas
300 3730 369 3807 est,
392 3723 465 3797 nisi
480 3747 502 3794 e
518 3747 557 3796 se
577 3723 658 3821 ipsa
678 3722 828 3795 ommno
848 3721 1043 3795 alienetur.

272 3848 455 3930 Ceterum,
490 3872 554 3919 cur
582 3846 740 3918 amicum
770 3869 891 3918 meum
918 3844 1033 3918 dianna
1058 3844 1136 3916 fieri
1168 3867 1278 3941 exop-

225 3981 356 4055 tarem,
393 3995 508 4068 quum
540 3972 747 4064 ignorarem
772 3970 908 4066 quales
935 3975 1014 4040 tum
1044 3967 1123 4065 ipse
1147 3991 1279 4040 sensus

224 4096 410 4180 indueret,
451 4096 628 4191 qualique
647 4094 785 4175 animo,
825 4094 875 4165 ita
907 4096 1057 4176 auctae,
1094 4115 1181 4186 erga
1219 4115 1277 4163 me

226 4224 423 4293 uteretur?
456 4221 533 4292 lmo
565 4241 572 4292 :
609 4219 785 4315 quoniam
819 4241 902 4290 eum
932 4241 999 4315 pro
1033 4215 1114 4314 ipso
1147 4215 1274 4311 diligo,

226 4345 373 4442 qualem
390 4344 569 4425 noverim,
590 4349 629 4415 ut
641 4343 727 4418 talis
742 4366 859 4440 usque
870 4346 1085 4440 permaneat
1093 4345 1275 4438 expetam,
