3074 5198
682 616 839 678 ...19-

232 753 276 826 Ut
296 751 369 824 vim
391 756 502 848 atque
526 774 660 824 munus
685 774 735 840 τῆς
753 742 880 840 ’ἰσότητος
907 750 1067 823 dilucide
1092 748 1288 847 perspicia-

229 900 327 976 mus,
347 875 539 950 nobiseum
566 876 814 974 reputandum
835 881 890 949 est
906 874 1042 971 quihus
1062 871 1283 947 eenditieni·

229 1001 297 1074 bus
318 1024 376 1088 res
393 1000 489 1074 inter
509 1024 548 1073 se
568 1023 676 1099 pares
691 999 762 1073 diei
779 1004 931 1096 queant.
958 1010 970 1039 ⁸

276 1125 327 1198 Ea
345 1148 455 1223 perro
472 1130 527 1198 est
549 1123 770 1220 quantitatis
785 1123 1054 1221 qualitatisque
1069 1121 1285 1197 convenien-

228 1249 292 1332 tia,
313 1254 351 1322 ut
367 1273 453 1322 vera
474 1249 635 1346 aequatio
651 1273 724 1322 nen
748 1248 794 1320 ab
822 1249 1003 1322 alterutra
1021 1248 1141 1322 selum
1160 1248 1224 1322 sed
1239 1246 1286 1319 alr

230 1380 385 1471 utraque
415 1375 585 1473 pendeat.
623 1373 693 1456 Sic,
725 1373 806 1446 auri
841 1373 974 1445 libram
1008 1372 1153 1471 plumbi
1181 1372 1285 1444 librae

229 1522 372 1596 mquam
405 1522 485 1571 esse
522 1499 705 1580 dieamus,
736 1498 936 1571 dummede
963 1498 1010 1570 ad
1038 1497 1285 1592 quantitatem

232 1647 340 1696 unam
355 1623 518 1695 materiae
539 1623 804 1720 respiciamus:
828 1647 921 1718 quas
950 1627 1089 1704 autem,
1108 1621 1284 1717 queniam

230 1747 408 1843 qualitate
424 1747 585 1845 impares
605 1751 705 1829 sunl,
729 1771 790 1819 eas
807 1747 976 1819 absolute
1001 1770 1127 1843 aequas
1158 1746 1285 1844 praedi-

230 1895 312 1944 care
327 1895 400 1944 nen
421 1871 640 1969 putarimus.

279 1997 344 2078 lta,
369 1996 398 2068 si
420 2006 460 2067 tn
489 1994 648 2067 amicum
663 2018 730 2092 pre
752 1994 912 2066 utilitate
932 2018 1089 2076 amares,
1114 1995 1176 2067 ille
1199 2019 1285 2068 vere

230 2127 266 2193 te
293 2145 360 2219 pre
388 2129 424 2192 te
451 2120 532 2219 ipse
552 2119 736 2214 diligeret,
767 2119 878 2190 etiam
907 2120 937 2191 si
968 2142 1094 2216 parem
1113 2119 1285 2194 amicitia

230 2269 412 2319 summam
439 2243 667 2317 alteralteri
696 2243 933 2342 persolveret,
961 2248 1085 2316 tamen
1114 2243 1283 2340 hujusce·

232 2370 328 2443 medi
367 2369 557 2442 caritatem
593 2369 696 2442 nulle
734 2375 842 2466 parte
875 2367 1055 2465 aequalem
1094 2371 1283 2466 profitere·

231 2515 334 2585 mur;
357 2493 431 2565 ime
451 2516 550 2576 vere,
574 2493 739 2587 iniquam
768 2491 868 2564 illam
891 2491 1125 2589 potissimum
1149 2494 1285 2566 hahere

231 2619 461 2700 deberemus,
480 2617 656 2714 queniam
679 2640 786 2712 aequa
805 2615 977 2689 amieitiae
993 2617 1182 2712 quantitas
1202 2642 1285 2692 enm

231 2742 364 2841 impari
385 2740 564 2837 qualitate
590 2741 719 2839 juncta
745 2740 888 2813 fuisset.
917 2740 1036 2826 Quare
1062 2765 1210 2815 neeesse
1230 2751 1287 2816 est

231 2892 289 2942 res
317 2867 525 2963 quantitate
556 2867 694 2965 pariter
720 2889 762 2938 ae
792 2865 972 2960 qualitate
998 2890 1106 2963 pares
1133 2867 1220 2951 sint,
1246 2874 1286 2940 ut
1362 2966 1363 2970 Ἴ

231 2992 394 3090 perlecta
413 2992 477 3064 fiat
496 2991 668 3086 aequatio.

280 3115 613 3198 Verumenimvere‚
637 3138 681 3187 ex
719 3113 880 3209 hisquae
918 3138 1030 3212 supra
1059 3116 1103 3188 de
1134 3117 1214 3189 utili
1243 3142 1285 3191 ae

231 3243 275 3315 de
292 3241 456 3338 jueunde
476 3239 768 3339 explanavimus
788 3238 957 3334 sequitur
977 3241 1143 3313 eamdem
1163 3242 1285 3316 ambe-

232 3367 300 3440 bns
327 3389 406 3439 esse
441 3369 629 3454 naturam;
653 3387 773 3462 neque
801 3363 899 3435 enim
934 3387 1056 3436 rerum
1084 3366 1303 3438 essentiam·

232 3490 476 3572 constituunt,
499 3489 564 3561 sed
580 3487 750 3560 essentiae
766 3493 942 3585 tanquam
966 3488 1185 3570 aeeidentia,'
1208 3502 1299 3562 me·'

232 3613 321 3687 bilia
344 3615 530 3710 duraque,
559 3611 760 3682 identidem
783 3611 974 3683 accedunt.
1005 3612 1133 3709 ltaque
1161 3615 1282 3695 amici,

232 3738 293 3835 qni
318 3761 397 3810 sese
420 3743 493 3808 κατὰ
519 3745 550 3807 τὸ
574 3747 748 3824 cautequae
771 3734 943 3828 diligunt,
967 3734 1077 3808 iidem
1103 3761 1183 3810 sese
1203 3762 1283 3813 eum
1323 3834 1326 3838 ²

232 3855 443 3958 aequalitate
464 3859 617 3954 diligere
637 3863 824 3956 putarunt,
848 3858 935 3931 dum
953 3861 1061 3932 mede
1079 3885 1204 3958 parem
1224 3889 1285 3936 ve-

233 3985 387 4085 luptatis
407 4007 590 4058 summam
613 3989 843 4056 mutuentur.

281 4109 392 4205 Finge
412 4114 540 4182 centra
560 4132 604 4181 ex
623 4107 752 4180 amieis
763 4107 901 4181 nestris
911 4108 1075 4182 alterum
1092 4134 1158 4208 pre
1173 4111 1283 4195 bene,

233 4235 332 4331 qued
361 4234 519 4317 substat,
555 4232 714 4305 alterum
748 4237 872 4304 autem
900 4257 973 4330 pre
1004 4234 1195 4332 veluptate
1224 4244 1288 4309 aut
1336 4287 1339 4294 -

234 4359 406 4442 utilitate,
426 4383 508 4457 quae
528 4355 712 4440 accidunt,
732 4355 777 4428 ab
793 4356 909 4431 altere
926 4357 1043 4453 diligi.
1062 4359 1151 4431 Tum
1168 4360 1288 4434 emnis
