3074 5198
683 593 843 654 „15-

229 725 323 799 fecto
360 726 497 799 amenis
535 750 668 821 genere
703 727 960 810 conciliantur,
997 728 1097 824 quod
1128 749 1210 799 cum
1245 750 1287 799 eo

229 851 530 924 commoditatem
544 851 935 948 oblectamentumque
950 851 1236 924 communicant.

270 974 460 1060 Quoniam
487 983 611 1049 autem
646 1001 729 1049 vena
758 976 922 1049 amicilia
949 991 1128 1074 originem
1157 978 1288 1075 princi·

231 1098 408 1197 piumque
435 1124 457 1172 a
486 1099 623 1174 virtute
650 1101 764 1184 ducit,
795 1125 933 1198 neque,
969 1101 1116 1174 sublata
1134 1101 1283 1185 virtute,

231 1223 305 1296 ullo
326 1229 434 1322 paeto
452 1249 669 1323 permanere
688 1226 745 1299 vel
766 1228 877 1298 etiam
899 1225 1044 1299 institui
1074 1231 1208 1324 potest,
1236 1250 1288 1299 se-

230 1348 357 1446 quitur
374 1354 415 1421 ut
430 1372 596 1446 quaequae
612 1351 686 1424 sint
701 1351 850 1424 virtutis
867 1350 1031 1450 propria,
1055 1351 1182 1423 eadem
1203 1374 1285 1423 eum

229 1473 392 1546 amicitia
412 1476 741 1558 communiebant,
765 1476 819 1548 vel
842 1476 966 1573 potius
987 1475 1149 1548 amicitia
1168 1476 1285 1550 virtus

229 1598 398 1694 qiiaedam
424 1600 567 1683 evadat,
590 1605 702 1696 atque
729 1601 825 1671 inten
863 1599 1022 1698 optimas
1038 1600 1086 1672 sit
1106 1617 1289 1672 annumo

229 1724 356 1795 nanda.

277 1849 370 1921 Sunt
397 1854 521 1920 antem
542 1849 621 1922 ilum
642 1849 789 1922 virtutis
810 1851 938 1923 termae
953 1853 1026 1946 (llt
1059 1850 1285 1924 scilicet'aut

229 1977 361 2045 natura
386 1972 438 2045 ita
467 1974 599 2045 merati
627 1997 769 2055 sumus,
802 1983 842 2046 ut
863 1974 950 2046 beni
970 1974 1048 2046 sieri
1082 1975 1280 2072 possimne,

228 2103 337 2193 atque
355 2096 393 2168 in
414 2098 685 2171 nobis-semina
711 2098 817 2195 quasi
846 2098 994 2171 virtutis
1015 2098 1127 2171 insita
1148 2100 1281 2172 babea-

228 2244 323 2304 mus,
353 2221 503 2318 quibus,
532 2228 571 2294 ut
597 2223 683 2295 inde
716 2226 883 2295 crescant
917 2228 953 2295 et
973 2222 1198 2307 adolescant,
1230 2224 1283 2297 vis

227 2345 430 2418 voluntatis
462 2347 631 2418 addenda
662 2352 740 2437 est3
781 2352 846 2418 aut
883 2370 950 2448 uos¹
988 2347 1104 2419 bonos
1141 2348 1283 2443 agendo

228 2463 460 2566 praestamus,
476 2459 547 2542 'nec
572 2471 692 2544 solum
719 2471 756 2542 in
780 2471 847 2543 bac
868 2471 1086 2553 intentione,
1111 2496 1194 2568 qum
1217 2496 1283 2546 nos

227 2597 273 2669 ad
294 2596 470 2668 virtutem
493 2595 660 2679 inclinat,
684 2619 886 2680 mecamuu,
909 2597 973 2669 sed
991 2597 1164 2669 virtutem
1187 2622 1285 2670 enen-

227 2744 352 2792 cenms
367 2727 479 2816 atque
501 2721 596 2792 banc
616 2720 871 2792 benefaciendi
889 2735 1094 2818 potestatem
1109 2745 1175 2819 pen
1189 2737 1285 2796 eclam
1314 2712 1316 2716 ¹

226 2845 465 2943 producimus
485 2867 492 2936 ;
511 2868 670 2941 quonum
691 2869 826 2939 genera
850 2844 1009 2917 alterum
1037 2852 1176 2933 καθ’ἕξιν,
1198 2839 1285 2919 alte·
1324 2878 1330 2884 ·

227 2994 308 3042 num
339 2993 425 3042 vene
458 2976 668 3062 κατ’ὲνέργεικν
693 2976 798 3052 vocat
824 2969 1051 3052 Aristoteles,
1088 2978 1129 3042 ut
1155 2970 1303 3043 virtuti

227 3119 375 3192 quoque
402 3096 495 3168 duos
521 3095 605 3168 illos
636 3094 784 3177 modes,
812 3117 906 3191 quos
927 3093 1003 3190 jam
1033 3093 1165 3167 cetenis
1198 3096 1299 3178 assi-l

226 3220 365 3317 gnavit,
389 3219 588 3307 adscribat.
607 3220 697 3292 ltem
712 3219 759 3304 ab
775 3218 950 3291 amicitia.
1299 3229 1300 3233 ’

276 3345 395 3431 Quum
416 3345 514 3418 enim
536 3344 644 3417 amici
672 3344 766 3416 nihil
789 3343 949 3442 amplius
975 3348 1091 3438 agunt
1109 3367 1220 3442 qnam
1245 3351 1285 3417 nt

227 3472 386 3544 alterum
401 3470 508 3543 alteni
524 3470 617 3543 bene
633 3469 779 3542 evenire
799 3468 927 3551 velint,
947 3473 1158 3566 mutuaeque
1179 3468 1285 3542 bene·

227 3596 397 3669 velentiae
417 3594 588 3667 notitiam
610 3594 785 3677 habeant,
806 3597 855 3675 et,
877 3592 1060 3689 quidquid
1072 3593 1113 3665 in
1126 3597 1284 3691 utreque

226 3721 385 3794 amabile
401 3720 520 3794 visum
543 3719 667 3801 fuerit,
690 3723 731 3791 ut
758 3724 898 3791 creseat
918 3723 954 3789 et
980 3723 1160 3813 augeatur
1175 3719 1281 3791 vehe-

227 3854 371 3922 menter
386 3853 526 3945 optent,
545 3870 612 3918 nec
632 3845 730 3917 ultra
745 3843 1053 3942 progredientem
1073 3844 1139 3917 bos
1157 3850 1283 3929 καθ’ἕξιν

227 3975 364 4048 amicos
392 3972 638 4071 philosophus
663 3976 789 4043 noster
814 3969 996 4063 designat.
1027 3963 1167 4054 Quibus
1198 3994 1281 4067 pno-

230 4101 325 4173 t'ecto
360 4097 450 4171 satis
491 4096 603 4170 fuecit
646 4101 684 4169 ut
722 4093 836 4167 semel
864 4117 1024 4167 annonem
1059 4099 1123 4166 aut
1162 4094 1283 4168 verbis

263 4376 299 4447 (l)
320 4374 383 4428 b'tl.
400 4374 475 4439 nte,
490 4371 548 4426 Lib.
568 4371 610 4436 l'l,
627 4386 686 4440 clip.
704 4369 741 4434 ll;
758 4368 826 4433 not,
844 4367 901 4422 Lib.
922 4368 977 4432 lli,
992 4383 1051 4439 cap.
1066 4365 1140 4424 lilll.
