3074 5198
751 579 910 642 42..

274 713 392 828 squia
406 714 511 831 polus.
527 715 637 788 bomo
658 714 798 788 homini
820 715 913 788 bene
935 714 1081 788 evenire
1104 715 1196 787 velle
1220 717 1355 812 potest.

222 830 278 951 *i
303 836 407 922 Quod
426 823 576 936 quidem
596 852 690 911 abae
710 863 775 913 seu
796 839 1057 914 benevolentia·
1073 838 1220 911 dieitur.

352 961 438 1035 Plus
456 963 554 1035 valet
569 986 680 1059 quam
700 963 837 1037 amatio
857 962 1125 1045 benevolentia,
1145 962 1268 1034 minus
1292 986 1356 1033 an-

304 1090 377 1157 tem
397 1108 508 1181 quam
524 1086 701 1169 amicitia,
724 1087 782 1160 civi
799 1087 952 1185 propior
968 1087 1132 1182 quidem,
1153 1090 1360 1158 nontamen

237 1238 245 1303 ζ
303 1208 454 1282 omnino
479 1234 546 1308 par
565 1216 634 1285 est.
657 1212 797 1309 Nempe
818 1212 882 1308 qm
898 1210 1006 1283 alieni
1030 1211 1123 1283 bene
1136 1209 1226 1291 vult,
1246 1209 1276 1280 is
1296 1231 1359 1305 op-

243 1307 256 1329 ”
304 1333 393 1406 time
407 1340 559 1431 paratus
576 1343 632 1408 est
647 1340 686 1408 ut
708 1335 795 1408 inde
815 1334 955 1407 amicus
967 1337 1042 1417 liat,
1058 1334 1222 1406 nondum
1238 1338 1361 1406 autem

303 1480 387 1530 vene
420 1459 561 1532 amicus
592 1461 710 1532 adest.
746 1461 892 1535 Institui
924 1460 1074 1557 quidem
1098 1459 1175 1555 jam
1200 1457 1361 1531 amicitia

304 1589 438 1678 potest,
466 1607 509 1656 ae
531 1583 637 1681 quasi
659 1585 807 1683 incepta
828 1585 985 1666 videtur,
1014 1584 1079 1657 sed
1094 1584 1258 1656 nondum
1280 1606 1360 1680 pev-

304 1707 410 1780 l‘eeta.
435 1707 521 1792 Quae
538 1714 577 1781 ut
596 1709 824 1806 perficiatur,
848 1733 997 1783 neeesse
1013 1714 1069 1783 est
1089 1713 1130 1780 ut
1151 1712 1279 1780 mutua
1299 1709 1361 1779 liat

305 1832 381 1904 baeu
407 1832 677 1916 benevolentia,
716 1842 828 1929 atque
857 1858 939 1930 quae
962 1834 1038 1931 jam
1070 1833 1107 1905 in
1139 1834 1256 1904 altero
1277 1837 1364 1903 nata

302 1955 425 2038 luerit,
448 1956 494 2029 ab
509 1956 625 2030 altem
642 1981 715 2030 non
735 1957 856 2056 impar
868 1958 1022 2031 invicem
1040 1958 1309 2055 proficiscatur.

306 2163 310 2173 Ι
352 2081 456 2166 Quod
489 2080 520 2153 si
552 2105 637 2176 erga
671 2082 836 2178 aliquem
870 2082 1027 2154 inscium
1066 2080 1361 2154 benevolentiam

304 2205 430 2286 babes,
446 2206 503 2277 vel
520 2205 551 2279 si
571 2206 668 2278 idem
690 2207 753 2279 ille
774 2207 886 2279 babet
905 2229 992 2301 erga
1006 2211 1042 2278 te
1060 2205 1231 2286 inscium,
1248 2209 1361 2301 atque

265 2329 397 2419 ‚Jalten
410 2330 457 2402 ab
476 2329 592 2403 altene
607 2331 658 2403 ita
680 2330 848 2426 diligitur
868 2335 908 2402 ut
929 2353 967 2404 se
988 2329 1091 2424 diligi
1110 2329 1250 2402 neseiat
1271 2337 1364 2400 uten-

303 2477 387 2548 que,
424 2453 561 2527 amieos
600 2477 664 2527 vos
700 2478 807 2528 neino
837 2455 920 2551 juve
950 2478 992 2526 ae
1025 2452 1156 2526 merito
1176 2453 1362 2525 deelarave

303 2578 452 2675 poterit.

353 2702 440 2788 Quae
467 2728 580 2799 quum
611 2704 663 2777 ita
679 2706 766 2787 sint,
788 2706 875 2777 duni
898 2706 1006 2777 modo
1033 2728 1115 2800 quae
1141 2727 1254 2802 supra
1281 2728 1365 2775 enu-

304 2828 422 2901 cleata
450 2827 588 2900 luerint
610 2828 840 2923 colligamus,
868 2852 919 2901 eae
943 2827 1114 2900 amicitiae
1134 2827 1364 2900 conditiones

305 2953 484 3050 ponendae
508 2958 625 3027 sunt:
654 2955 856 3027 habeamus
883 2953 1053 3026 videlieet
1084 2951 1296 3034 terminum,
1326 2956 1365 3022 ut

304 3077 409 3150 aiunt
438 3078 665 3176 philosophi,
701 3078 904 3176 duplicem,
937 3078 1013 3151 sive
1044 3077 1168 3151 adsint
1196 3076 1364 3151 homines

304 3201 440 3295 gemini
462 3201 656 3298 inquibus
690 3203 833 3299 aliquid
866 3207 1035 3275 versetur
1063 3201 1162 3298 (puod
1182 3201 1238 3274 vel
1263 3199 1362 3273 utili·

304 3326 404 3408 tatis,
430 3326 486 3399 vel
507 3325 766 3422 (jucunditatis,
786 3328 841 3400 vel
872 3327 959 3399 boni
980 3351 1090 3400 eausa
1112 3325 1215 3420 diligi
1232 3324 1362 3423 possit.

304 3450 482 3547 Denique,
508 3450 557 3524 sit
586 3458 715 3524 mutua
746 3452 1023 3534 benevolentia,
1047 3451 1181 3546 atejus
1212 3456 1365 3544 uterque

306 3576 488 3650 conscius.

353 3701 435 3773 Tria
462 3701 575 3796 igitur
605 3701 865 3774 constituenda
899 3707 988 3774 sunt
1021 3700 1193 3773 amicitiae
1229 3722 1366 3794 genera

306 3825 394 3920 quia
421 3825 456 3898 in
481 3825 539 3909 iis,
562 3849 656 3922 quos
676 3849 856 3906 amamus,
879 3825 970 3921 quid
991 3824 1039 3897 sit
1060 3823 1163 3904 utile,
1181 3828 1250 3895 aut
1276 3822 1366 3917 quid

306 3953 466 4045 gnatum,
484 3953 548 4021 aut
563 3949 654 4046 quid
669 3948 808 4021 bonum
822 3957 1049 4046 spectamus3
1070 3948 1155 4019 item
1173 3970 1194 4018 a
1210 3946 1365 4019 benevo-

309 4075 423 4148 lentia
442 4099 524 4171 quae
540 4074 675 4155 causis,
700 4075 795 4146 unde
817 4073 981 4171 profecta
997 4071 1121 4154 luerit,
1143 4071 1366 4168 vespondeie

310 4199 416 4272 solet.

357 4324 515 4407 Etenim,
546 4324 610 4423 qui
642 4323 800 4396 amioum
832 4330 982 4419 propter
1018 4321 1214 4393 utilitatem
1250 4323 1364 4399 amat,
