3074 5198
762 616 797 628 ..-
822 582 922 644 1ss-

311 720 384 787 ant·
400 716 560 813 quodam
589 717 661 790 alio
681 719 901 791 documento
925 716 1229 812 significaverint,
1252 724 1365 813 atque

311 839 465 937 posthac
483 840 655 914 absentes
670 848 707 914 ct
730 841 936 924 dissociati,
966 841 1262 914 benevolentiam
1285 864 1363 912 mu·

244 978 256 1067 l
310 968 411 1036 tuam
447 963 620 1038 habuisse
649 964 891 1062 perrexerint,
916 988 989 1038 non
1020 964 1071 1037 ita
1095 964 1297 1037 dissimiles
1319 964 1366 1037 ab

252 1070 259 1123 t
312 1087 398 1170 illis,
423 1113 516 1185 quos
543 1113 656 1187 snpra
676 1090 875 1162 benevolos
898 1088 1072 1172 diximus,
1100 1112 1167 1162 nec
1195 1089 1248 1162 eis
1275 1112 1364 1186 prm·

311 1212 510 1303 stantiores
536 1212 608 1287 nisi
634 1215 733 1311 quod
761 1213 1026 1287 beneuolentiae
1056 1214 1093 1286 hi
1122 1214 1277 1297 conscii,
1311 1214 1365 1285 illi

310 1360 395 1410 vero
411 1335 517 1410 inscii
533 1338 683 1411 fuerint.

358 1462 434 1534 Etsi
450 1467 547 1536 recte
562 1487 603 1536 ac
623 1464 716 1536 bene
742 1487 823 1536 sose
853 1464 990 1536 liabent
1012 1463 1076 1559 qni
1096 1463 1226 1536 amicis
1252 1464 1362 1536 lieno·

296 1585 410 1659 ,colos
431 1610 469 1659 se
497 1588 711 1670 ostendunt,
739 1588 876 1661 rectius
900 1595 1024 1660 tamen
1059 1610 1100 1659 ac
1134 1588 1267 1661 melius
1295 1588 1364 1660 crit

309 1711 338 1781 si
360 1710 537 1784 beneficia
567 1736 639 1784 non
670 1713 789 1786 solum
818 1712 1105 1807 excogitaverint
1128 1718 1239 1808 atque
1256 1735 1363 1809 exop-

307 1834 434 1920 tarint,
457 1836 648 1909 sedetiam
670 1861 893 1935 magnopere
918 1837 1175 1935 praestiterint.

230 1962 267 2120 q
355 1960 443 2033 Tota
463 1949 560 2034 enim
581 1961 730 2036 virtutis
759 1960 813 2034 vis
842 1964 909 2056 (l),
934 1985 1007 2035 non
1040 1963 1078 2034 in
1108 1961 1359 2045 meditatione,

307 2085 424 2158 sedin
444 2085 588 2159 actione
608 2092 679 2160 est.
702 2087 829 2183 Neque
853 2086 1005 2159 omnino
1033 2086 1239 2184 perlectum
1264 2086 1360 2159 dice-

307 2231 388 2281 mus
419 2231 504 2282 cum
538 2209 603 2306 qui
637 2210 674 2281 in
703 2209 802 2283 bona
821 2214 944 2282 merite
966 2209 1184 2292 morabitur,
1207 2211 1358 2308 quique,

305 2333 487 2431 quidquid
507 2333 595 2407 boni
615 2335 837 2432 conceperit,
860 2333 897 2405 id
918 2335 1060 2408 efficere
1082 2358 1153 2407 non
1176 2334 1287 2407 fuerit
1307 2358 1362 2406 co-

306 2464 431 2532 natus.
1128 2459 1130 2463 ’

287 2623 293 2691 3
355 2583 503 2681 ltaque,
535 2589 575 2656 ut
608 2607 735 2658 verum
768 2584 940 2658 amicitia
978 2608 1113 2658 munus
1151 2585 1357 2683 expleatur,

290 2710 455 2781 necesse
470 2712 527 2780 est
558 2708 622 2804 qni
644 2708 784 2806 optimo
811 2732 853 2781 ac
881 2709 1043 2806 perfecto
1069 2708 1206 2783 amoris
1226 2732 1360 2804 genere

306 2830 489 2929 conjuncti
513 2831 663 2916 fuerint,
688 2856 922 2906 communem
952 2833 1064 2907 vitam
1091 2839 1204 2928 agant
1232 2839 1268 2905 et
1296 2833 1358 2906 alii

283 2955 387 3046 paliis
406 2956 581 3030 contiuua
609 2956 784 3030 societate
813 2957 1034 3041 cohaereant,
1058 2981 1125 3030 nec
1154 2957 1358 3056 quidquam

305 3081 552 3178 praestabilius
588 3082 810 3180 praesentia,
850 3082 1015 3156 deterius
1053 3081 1222 3159 absentia
1259 3082 1357 3155 arbi.-

304 3210 464 3278 trentur.
1126 3221 1128 3224 ’

354 3330 533 3416 Quoniam
555 3331 696 3404 amicus
720 3331 858 3404 bonum
879 3331 990 3404 simul
1011 3338 1048 3404 et
1067 3331 1357 3404 emolumentum

304 3459 340 3527 et
369 3454 680 3529 oblectamentum
712 3455 830 3528 amico
863 3461 932 3538 est,
964 3454 1027 3528 nbi
1056 3455 1150 3528 alter
1173 3455 1220 3527 ab
1240 3455 1358 3528 altero

304 3578 492 3678 sejunctus
512 3578 636 3664 fuerit,
656 3579 734 3652 haec
752 3580 876 3652 omnia
892 3603 974 3652 cum
995 3579 1170 3653 socictate
1185 3603 1227 3652 ao
1241 3581 1359 3676 quoti·

303 3704 413 3778 diano
427 3705 646 3779 commercio
656 3703 848 3795 recedent3
867 3712 945 3776 tum
957 3703 1121 3777 amicitia
1133 3710 1197 3777 ant
1212 3703 1356 3800 frange·

303 3835 365 3904 tur
378 3833 443 3902 aut
458 3827 658 3912 minuetur,
672 3834 785 3925 atque
800 3827 837 3900 in
851 3828 1118 3902 benevolentiam
1135 3827 1354 3901 revolvetur.

304 3954 389 4041 Quae
409 3953 559 4051 quidem
576 3976 791 4052 permanere
812 3953 948 4050 poterit
967 3958 1003 4025 et
1023 3952 1060 4024 in
1089 3957 1236 4051 pectore
1262 3957 1300 4025 et
1319 3953 1357 4026 in

304 4084 437 4162 mente,
461 4077 524 4152 sed
544 4076 748 4172 excogitata
763 4076 872 4150 modo
891 4099 933 4148 ac
959 4082 1137 4174 concepta
1157 4100 1291 4174 neque,
1317 4083 1357 4149 ut

340 4361 378 4434 tl)
399 4360 462 4416 nrt.
479 4360 554 4426 nne,
569 4359 626 4414 Lib.
643 4361 676 4425 ll,
693 4375 752 4430 cap.
774 4358 801 4413 l'.
