3074 5198
685 678 725 692 ...
746 647 785 709 43
807 681 845 690 -

236 752 412 828 virtutem
431 754 468 827 in
489 754 689 828 solitudine
709 753 886 851 consequi
902 777 1011 853 pesse
1024 753 1110 827 inde
1125 753 1292 852 professa
1354 816 1356 820 .

236 884 306 951 est.
334 879 578 952 Attendamus
598 879 712 974 igitur
726 879 925 952 nonnullas
941 902 1021 952 essa
1034 879 1190 952 virtutes
1210 903 1293 976 quae

236 1000 465 1101 principium
495 1007 607 1100 atqua
636 1003 816 1099 originem
859 1027 904 1076 ex
930 1003 1092 1077 amicitia
1123 1003 1202 1078 sela
1229 1003 1293 1076 du·

174 1158 177 1163 ·
239 1131 336 1210 caut,
356 1127 572 1226 patebitqua
590 1128 711 1201 virum
726 1127 889 1201 amicitia
904 1134 1104 1210 carentem,
1121 1128 1292 1200 eumdem

236 1251 282 1324 iis
306 1251 509 1325 virtutibus
530 1276 654 1338 carere
668 1275 751 1348 quae
767 1276 810 1324 ex
829 1251 991 1324 amicitia
1008 1251 1182 1350 pendant.

285 1375 364 1461 Quo
386 1381 605 1472 argumente
615 1376 864 1474 peripateticae
878 1376 992 1448 menti
1009 1376 1191 1475 praecipue
1206 1399 1291 1449 cen·

237 1504 426 1583 santanae,
450 1500 645 1598 repellitur
664 1525 707 1573 aa
727 1502 933 1574 Stoicorum
954 1499 1123 1573 doctrina
1142 1503 1291 1596 quaete-

236 1631 312 1698 tam
331 1625 505 1698 virtutem
527 1625 564 1696 in
585 1649 744 1722 persona
759 1629 933 1707 coarctat,
953 1647 1075 1720 neque
1092 1647 1173 1697 cam
1190 1627 1294 1696 extra

237 1749 341 1832 fines,
374 1752 413 1821 ut
442 1749 494 1821 ita
522 1749 654 1832 dicam,
687 1748 802 1821 animi
830 1772 868 1822 sa
899 1749 1106 1847 expandere
1137 1747 1290 1846 patitur.

238 1873 381 1946 Stoicus
408 1873 506 1945 enim
526 1877 642 1945 totam
672 1873 744 1944 vim
767 1874 824 1945 sui
845 1873 986 1969 colligit
1011 1877 1122 1970 atquc
1142 1871 1294 1945 adhibet

238 2002 277 2069 ut
297 2021 460 2070 saunum
477 1997 593 2093 magis
610 2004 720 2093 atqua
737 1997 855 2092 magis
870 1998 1075 2094 perfectum
1093 2002 1129 2069 et
1143 1995 1291 2069 beatum

237 2121 384 2204 efficiat,
408 2122 635 2196 terrenitatis
662 2136 864 2218 ceteraque
884 2122 1090 2194 immemor.
1114 2122 1158 2193 Se
1186 2120 1291 2215 fiuent

233 2269 400 2319 eumerium
420 2246 544 2329 habet,
567 2245 786 2342 ceterisque,
820 2244 875 2318 vel
899 2244 1125 2326 bominibus,
1150 2244 1207 2316 vel
1235 2267 1292 2317 ra·
1368 2291 1372 2299 ·

237 2370 320 2452 bna,
344 2369 461 2441 utitur
480 2373 592 2465 atque
613 2368 783 2466 imperat,
812 2368 917 2464 quasi
938 2375 1130 2464 tyrannus,
1154 2373 1195 2439 ut
1229 2366 1292 2441 bo-

237 2517 326 2567 uum
352 2493 408 2566 sui
436 2498 670 2589 assequetur.
699 2493 810 2589 Cujus
841 2492 992 2579 virtutis
1019 2492 1210 2591 proprium
1239 2496 1295 2565 est

238 2618 419 2692 obsistere
448 2617 756 2716 repugnantibus,
783 2624 952 2690 constare
973 2617 1057 2700 sibi,
1081 2616 1152 2690 sibi
1173 2615 1293 2690 intan-

238 2743 452 2839 dematque
472 2741 677 2836 indulgere,
700 2742 912 2813 societatem
934 2741 1005 2814 nisi
1028 2764 1151 2815 secum
1186 2741 1291 2823 inire,

237 2867 495 2962 actionemque
516 2863 684 2938 intimam
715 2865 752 2937 in
773 2888 811 2937 se
832 2888 906 2936 uno
926 2886 1117 2956 exercere;
1149 2865 1294 2936 nullum

238 2994 361 3062 autem
378 3013 461 3062 cum
482 2988 696 3061 hominibus
716 2988 991 3070 commercium,
1015 2988 1118 3060 nulla
1137 3012 1223 3083 erga
1237 3012 1296 3061 na·

238 3119 360 3187 turam
375 3113 513 3208 gratie3
535 3112 660 3185 nullus
679 3111 760 3184 idae
784 3135 902 3207 neque
918 3111 1075 3193 caritati,
1099 3135 1218 3208 neque
1238 3112 1296 3184 bc·

239 3236 443 3310 nefieentiae
463 3237 577 3318 loeus.
601 3237 744 3308 Stoicus
765 3234 977 3308 societatem
998 3235 1189 3332 eptimam,
1213 3258 1293 3334 per·

239 3361 372 3434 factam
387 3361 576 3443 virtutem,
596 3358 808 3432 felicitatem
824 3382 1005 3432 summam
1023 3359 1059 3430 in
1081 3381 1119 3432 se
1139 3359 1292 3431 invenit.

288 3487 409 3579 Longo
435 3483 509 3557 alia
534 3483 681 3556 videtur
702 3506 805 3555 niens
822 3481 1023 3564 Aristoteli,
1041 3483 1106 3579 qui
1126 3484 1296 3556 reticeam

239 3613 343 3681 extra
374 3607 708 3682 nulurenc‘varsari
740 3630 813 3679 nen
844 3611 1085 3704 pesseratus,
1121 3606 1295 3679 virtutem

241 3732 343 3804 illam
376 3731 579 3804 solitariam
605 3730 759 3829 respuit,
790 3729 1066 3826 arnicitiemque
1094 3737 1172 3803 tum
1202 3754 1297 3804 verae

240 3855 388 3928 virtutis
420 3855 593 3953 speciem,
632 3862 708 3927 tum
737 3854 923 3927 felicitatis
954 3853 1125 3953 perlectae
1153 3860 1295 3952 partem

242 4003 321 4052 essa
342 3980 541 4077 profitetur
559 3984 671 4074 atque
691 3979 922 4051 demonstrat
937 3980 1004 4072 (l).

346 4131 358 4147 n

277 4157 315 4228 (ll
336 4160 437 4213 Ατοπον
462 4156 550 4214 δ’ἴσως
572 4159 612 4209 καὶ
636 4154 663 4208 τὸ
692 4157 804 4226 periitne
827 4168 902 4209 ποιεῖν
928 4154 969 4208 τὸν
995 4155 1124 4227 μακάριον·
1151 4153 1225 4213 οὐθεὶς
1251 4156 1297 4225 γὰρ

242 4245 322 4299 ἕλοιτ’
336 4243 363 4298 ἄν
376 4244 435 4298 καθ’
449 4243 522 4298 αὑτὸν
538 4245 567 4298 τὰ
590 4243 666 4297 πάντ’
683 4244 748 4316 ἔχειν
770 4239 859 4314 ἀγαθὰ·
876 4243 1000 4298 πολιτικὸν
1016 4244 1062 4315 γὰρ
1086 4244 1099 4298 ὁ
1121 4241 1299 4314 ἄνθρωποςκαὶ

242 4336 315 4402 συζῆν
329 4331 440 4405 πεφυκὸς·
457 4334 534 4404 (lite.
550 4333 625 4397 Nic,
640 4333 698 4386 Lib.
716 4333 766 4395 lx,
781 4347 841 4402 cap.
857 4333 931 4394 lx,l
959 4333 1014 4399 eli.)
