3074 5198
680 587 839 650 ..30-

281 718 320 792 ln
349 720 516 816 quelibet
544 727 609 794 aut
637 721 779 796 familia
805 721 881 796 vant
911 722 1124 822 reipublicae
1151 746 1286 818 genere

232 844 431 917 amicitiam
452 869 494 919 ae
517 845 702 943 justitiam
722 847 801 946 pari
823 847 966 920 ratione
982 854 1018 921 et
1038 847 1189 920 modulo
1211 868 1288 949 mef
1343 836 1344 840 ¹

232 968 293 1041 tiri
315 968 370 1042 fas
391 974 458 1042 est.
475 969 533 1042 Sie
553 976 709 1069 paterna
728 971 861 1044 caritas
875 971 985 1068 regiae
1004 970 1149 1044 raritati
1169 969 1286 1044 simil·

233 1095 340 1167 lima:
362 1078 459 1169 cives
482 1095 601 1191 quiin
621 1095 852 1169 aristocratia
871 1096 1000 1169 vivunt
1020 1119 1092 1169 non
1109 1096 1182 1170 alia
1201 1096 1289 1168 ami·

233 1218 319 1291 ritia
341 1218 437 1292 inter
456 1242 495 1292 se
510 1219 748 1293 eontinentur
766 1243 879 1316 quam
904 1219 1078 1317 conjuges
1097 1243 1104 1295 :
1127 1219 1288 1317 denique

233 1366 449 1438 germanum
470 1368 668 1440 germanus
697 1344 818 1440 diligit
846 1369 971 1418 amore
1001 1345 1223 1442 eodemque
1250 1345 1286 1417 in

233 1468 441 1543 timueratia
473 1469 562 1542 eiris
589 1469 729 1560 eivem;
765 1469 850 1543 inde
872 1471 913 1541 tit
939 1480 981 1542 ut
1004 1469 1042 1541 in
1070 1469 1287 1543 'civitatibus

235 1592 328 1665 ferte
348 1593 610 1691 pessumdatis,
638 1592 784 1689 justitia
811 1594 921 1666 simut
951 1618 994 1667 ae
1025 1593 1189 1666 amicitia¹
1207 1571 1285 1692 pari

236 1716 340 1815 lapsu
357 1718 584 1790 decrescant.
598 1718 806 1814 Tyrannum
816 1718 956 1791 seilicet
971 1719 1068 1791 inter
1078 1723 1114 1792 et
1126 1741 1284 1800 servum,
1365 1733 1376 1740 ··

234 1840 380 1915 sublata
399 1841 500 1913 omni
520 1841 791 1925 communione,
815 1841 918 1915 nulla
945 1866 1139 1940 superesse
1167 1846 1289 1941 potest

233 1964 408 2037 amicitia.
425 1965 527 2036 Alter
546 1963 645 2060 enim
660 1988 786 2037 eorum
816 1964 923 2037 atteri
943 1966 1069 2038 eadem
1102 1964 1289 2061 obligatur

234 2089 376 2162 ratione
396 2113 470 2185 qua
490 2089 737 2162 instrumente
757 2089 893 2187 opifex,
916 2090 972 2162 vet
992 2088 1292 2188 animaeeorpns‚-

234 2214 290 2286 val
319 2237 424 2287 serve
453 2213 638 2286 dominus.
656 2212 869 2285 Animantia
888 2237 973 2286 vero
996 2218 1078 2286 eum
1113 2214 1289 2288 inanimis

234 2338 434 2411 amicitiam
453 2313 774 2433 quamlibet'inire
794 2342 996 2434 nequeunt.
1009 2338 1155 2421 Servus,
1168 2339 1290 2436 quoad

235 2485 361 2536 servus
393 2461 563 2544 habetur,
595 2461 853 2556 instrumentis
881 2461 1030 2558 quidem
1066 2485 1139 2534 nen
1166 2438 1290 2534 autem

236 2585 448 2659 hominibus
468 2585 769 2658 annumerandus
790 2591 857 2658 est.
881 2585 995 2671 Quem
1015 2585 1098 2659 ideo
1119 2609 1191 2659 nnn
1214 2571 1314 2683 pos·

235 2735 363 2785 sumus
395 2716 573 2806 tanquam
614 2710 903 2783 instrumentum
940 2733 1076 2793 amare,
1114 2711 1290 2807 quoniam

236 2837 332 2909 inter
354 2835 642 2909 instrumentum
663 2842 699 2934 et
723 2835 838 2909 rivam
860 2835 952 2907 nihil
975 2858 1183 2909 commune.
1207 2836 1290 2909 Ser·

235 2985 320 3036 vum
347 2968 470 3035 autem
490 2960 579 3034 civis
599 2982 723 3035 amare
743 2964 877 3059 potest,
902 2984 974 3033 non
998 2966 1037 3032 ut
1057 2984 1203 3034 servum
1226 2961 1291 3033 sed
1391 2948 1395 2963 ⁵

192 3151 194 3156 .
236 3092 277 3160 ut
290 3086 490 3169 hominem,
504 3089 679 3182 queniam
701 3085 798 3157 inter
819 3062 998 3158 iltes'tum
1015 3086 1222 3159 eommunis
1236 3092 1292 3159 est

237 3210 462 3285 humanitas.
1188 3309 1194 3319 .

284 3335 424 3432 Cuique
443 3334 614 3408 amicitiae
635 3335 760 3429 generi
781 3341 815 3407 et
846 3335 926 3431 jura
952 3317 994 3408 'et
1022 3360 1175 3410 munera
1206 3336 1294 3411 assi·

232 3465 399 3556 guantur
418 3484 500 3557 quae
524 3464 588 3532 aut
609 3483 653 3531 ex
682 3459 762 3571 ipsp
789 3459 954 3533 amicitia
992 3461 1201 3558 proficiunt,
1229 3466 1293 3535 aut

236 3584 342 3682 quasi
363 3584 459 3658 eirea
478 3583 677 3657 amicitiam
694 3590 901 3684 versantur.

199 3785 204 3794 ,
286 3711 385 3782 later
427 3708 565 3782 amieos
598 3709 734 3781 virtute
763 3687 979 3806 conjunctos
1013 3710 1116 3784 nulla
1153 3716 1294 3785 cantro·

236 3835 356 3909 versia
375 3834 455 3907 fieri
478 3857 641 3931 unquam
665 3839 787 3932 petest
809 3836 876 3930 (t).
900 3834 1004 3920 Quod
1024 3835 1054 3907 si
1078 3835 1173 3908 alter
1186 3837 1295 3935 plura

236 3985 278 4035 ae
297 3960 435 4058 majora
454 3959 631 4032 beneficia
643 3959 936 4057 tribueritquam
953 3961 1147 4060 acceperit,
1164 3967 1295 4036 neuter

239 4083 495 4160 stomachandi
507 4083 800 4166 loenmhabebit,
813 4106 933 4181 neque
946 4084 1009 4181 qui
1023 4085 1296 4160 alterumbene-

276 4362 312 4440 (i)
328 4360 391 4418 ΕΜ.
411 4357 485 4427 nte,
503 4358 556 4416 Lie.
576 4358 643 4426 tm,
660 4376 718 4431 rat).
737 4359 809 4415 ‚tun
