3074 5198
700 593 856 654 ..54-

253 721 404 818 gularis,
422 725 688 799 sedcommune
701 725 792 799 illud
807 732 1060 821 aeternumque
1072 724 1297 798 elementum

254 844 353 941 quod
377 845 500 920 divina
526 847 666 943 origine
689 849 894 947 profectum
923 847 1038 920 animi
1066 847 1183 921 nostri
1214 847 1298 921 sub·

255 969 428 1042 stantiam
452 972 643 1045 constituit
662 975 729 1068 (l).
752 973 870 1058 Quum
901 973 983 1045 ideo
1007 971 1222 1045 Aristoteles
1248 995 1304 1042 ve·

253 1116 332 1166 ram
352 1094 551 1170 amicitiam
574 1097 611 1170 in
634 1121 677 1170 eo
700 1098 804 1196 ponit
831 1099 929 1194 quod
949 1098 1109 1170 amicum
1137 1120 1204 1193 pro
1229 1097 1303 1194 ipso

253 1242 431 1302 amamus,
450 1245 516 1319 per
534 1223 644 1320 ipsum
672 1248 745 1297 non
771 1223 922 1296 omuino
943 1222 1222 1317 intelligendum
1244 1227 1301 1293 est

256 1346 355 1440 quod
382 1369 448 1419 nos
479 1371 659 1444 personam
679 1349 905 1438 diceremus;
934 1371 1066 1444 nempe
1093 1346 1193 1442 quod
1219 1345 1306 1417 ami·
1378 1415 1380 1418 .

256 1491 338 1541 cum
353 1471 463 1567 ipsum
478 1477 588 1568 atquc
601 1472 753 1546 eumdem
768 1496 848 1546 esse
864 1472 976 1545 eflicit
992 1495 1063 1544 non
1082 1471 1218 1565 ingenii
1236 1470 1306 1542 sin·

172 1657 174 1661 ,
254 1595 445 1689 gnlaritas,
468 1621 588 1693 neque
605 1599 756 1696 propria
782 1597 919 1670 indolis
942 1602 1086 1690 natura,
1104 1597 1167 1669 sed
1183 1596 1305 1669 nescio

255 1721 345 1817 quid
365 1723 520 1797 uniuersi
545 1729 657 1819 atque
676 1726 801 1799 oeterni
823 1725 922 1820 quod
949 1725 986 1794 in
1008 1722 1180 1796 omnihus
1200 1722 1306 1794 bonis

256 1845 343 1919 viris
363 1869 467 1942 aeque
488 1847 609 1920 inesse
625 1848 769 1921 debeat.

303 1970 413 2066 utqui
434 1994 591 2068 persona
607 1995 682 2044 non
703 1973 823 2045 solum
843 1977 900 2044 est
918 1971 1111 2045 substantia
1127 1970 1305 2042 individui

257 2095 447 2167 sedetiam
463 2099 577 2190 formu
595 2098 763 2192 quaedam
775 2096 985 2193 peculiaris,
1006 2120 1080 2191 qua
1095 2094 1306 2167 individuus

257 2243 278 2291 a
310 2219 440 2292 ceteris
461 2219 724 2316 distinguatur.
752 2221 798 2294 Ut
817 2218 1024 2292 Aristotelis
1053 2218 1170 2316 ipsius
1195 2219 1305 2291 ratio-

257 2367 340 2416 nem
358 2367 591 2442 usurpemus
614 2347 687 2419 duo
717 2369 885 2443 personae
913 2344 1096 2417 elementa
1121 2344 1305 2416 discerne·

257 2493 351 2553 muS,
374 2472 557 2546 materiam
577 2461 716 2545 scilicet
738 2478 783 2544 ot'
807 2474 954 2563 formum
968 2496 980 2544 .·
1000 2472 1182 2545 nuteriam
1202 2493 1306 2543 voca-

256 2596 378 2670 himus
413 2597 507 2670 hanc
526 2598 660 2670 summi
690 2597 777 2670 honi
802 2602 946 2695 partem
967 2621 1077 2693 cluam
1093 2597 1307 2670 Aristoteles

229 2778 231 2781 .
256 2723 365 2795 fixam
384 2729 495 2819 atquo
515 2748 717 2822 perennem
739 2724 777 2797 in
796 2724 937 2822 optimo
957 2747 1105 2820 quoque
1133 2747 1213 2796 esse
1225 2722 1308 2819 jure

255 2870 297 2919 ao
331 2848 460 2921 mmito
491 2849 682 2947 praedixit;
716 2849 802 2921 huic
830 2853 954 2921 autom
973 2848 1141 2935 anuceria,
1160 2848 1309 2945 formum

257 2973 454 3067 quamdam
474 2973 680 3046 addendam
709 2996 789 3045 esse
818 2971 1044 3044 arbitramur
1064 2979 1189 3068 (quam
1209 2970 1306 3044 Aris-

256 3097 387 3170 toteles
420 3097 568 3169 videtur
599 3098 867 3194 propemodum
896 3096 1080 3190 omisisse)
1115 3095 1306 3193 proprium

256 3220 426 3293 videlicet
455 3220 636 3303 habitum,
662 3243 735 3316 quo
754 3223 796 3293 fit
815 3229 856 3294 ut
878 3221 1058 3302 homines,
1081 3219 1138 3292 vel
1163 3219 1305 3316 optimi,

256 3347 403 3441 Deoque
432 3343 509 3440 jam
535 3344 729 3428 simillimi,
763 3345 897 3418 diversi
929 3351 1052 3417 tamen
1091 3349 1203 3440 atque
1232 3343 1307 3416 dis·
1378 3404 1387 3419 .

257 3469 362 3541 tincti
382 3470 551 3542 evadant.
571 3469 750 3554 Quoniam
767 3470 813 3542 ad
828 3471 986 3543 alterum
1002 3493 1045 3541 ex
1061 3469 1118 3542 his
1140 3491 1309 3566 personae

257 3593 449 3666 elementis
468 3593 683 3667 Aristoteles
704 3618 776 3667 uon
798 3594 890 3667 satis
910 3594 1126 3691 respexerit,
1158 3592 1197 3664 in
1217 3593 1308 3664 ami·

234 3702 248 3811 l
258 3717 353 3790 citiae
372 3718 585 3791 definitione
605 3719 747 3814 aliquid
767 3718 993 3791 claudicasse
1015 3717 1121 3790 nobis
1143 3716 1307 3806 videtur;

231 3824 394 3953 [quippe
416 3841 480 3938 qui
500 3846 698 3940 postquam
718 3866 842 3916 veram
858 3842 1059 3915 amicitiam
1075 3840 1112 3912 in
1132 3840 1215 3914 bono
1240 3863 1311 3912 rec-

238 3964 399 4049 ltissime
414 3967 594 4064 posuerit,
616 3972 740 4039 tamen
757 3991 829 4039 non
849 3965 1021 4039 habuerit
1038 3966 1134 4038 unde
1151 3964 1309 4063 explica·

293 4180 331 4250 (l)
349 4181 407 4234 Εἴτε
426 4184 455 4247 δη
470 4187 524 4239 νοῦς
541 4187 612 4234 τοῦτο
632 4182 679 4232 εἴτε
698 4177 798 4243 tillon,
822 4181 835 4232 ὃ
859 4178 888 4244 δὴ
911 4177 973 4232 κατὰ
993 4181 1060 4250 φύσιν
1081 4183 1147 4233 δοκεῖ
1169 4176 1312 4250 ἄρχεινκαὶ

256 4269 363 4339 ἡγεῖσθαι
378 4271 417 4322 καὶ
430 4269 524 4322 ἔννοιαν
536 4269 602 4342 ἔχειν
616 4271 670 4339 περὶ
679 4270 762 4322 καλῶν
780 4271 819 4322 καὶ
837 4269 923 4330 θείων,
941 4267 987 4320 ἐἰπε
1002 4268 1064 4321 θεῖον
1080 4265 1108 4319 du
1123 4286 1168 4319 κατ
1180 4265 1186 4283 ’
1196 4261 1254 4319 ἀυτό
1265 4266 1311 4318 ἐἰτε

256 4364 304 4413 ’.ὤν
318 4355 340 4411 ἐν
355 4361 412 4429 ἡμῖν
427 4352 455 4410 ui
469 4357 601 4412 θειότατον.
618 4357 689 4428 (Etlt.
704 4357 779 4422 Nic,
794 4358 853 4412 Lib.
871 4358 907 4420 X,
924 4372 983 4427 cap.
1002 4357 1069 4422 l'll'.)
