3074 5198
681 613 837 674 ..37-

233 749 318 829 stat,
341 769 384 818 ac
404 746 488 844 plus
508 769 619 843 quam
636 755 748 834 ἰσότητα
766 747 1000 844 assequitur:
1023 749 1172 844 quaudo
1189 749 1284 822 alter

233 893 277 942 ex
292 869 435 954 amicis,
454 870 539 968 plus
554 893 666 966 quam
685 870 732 943 ab
747 871 865 944 amico
880 895 947 944 suo
961 872 1144 970 acceperit
1158 877 1290 970 sponte

233 993 365 1078 reddit,
382 994 623 1092 debitumque
635 995 773 1068 amoris
789 995 939 1068 modum
956 994 1115 1070 libenter
1127 996 1282 1070 excedit.
1326 994 1338 1119 Ξ

232 1116 348 1202 Quam
371 1118 598 1192 rarissimam
626 1119 797 1192 amicitiae
828 1119 988 1218 speciem
1012 1129 1189 1210 εὐεργεσίαν,
1218 1143 1283 1194 seu

231 1239 510 1314 beneficentiam
526 1241 744 1315 Aristoteles
764 1246 869 1315 vocat
884 1244 949 1338 (l).

280 1365 454 1452 Quaenam
482 1366 531 1439 sit
560 1366 811 1440 beneficentiae
847 1372 979 1440 natura
1006 1367 1281 1464 inquirendum.

231 1490 375 1564 Scilicet
400 1495 532 1564 natura
558 1491 609 1564 ita
636 1496 888 1589 comparatum
908 1497 964 1565 est
985 1497 1037 1575 ut,
1067 1491 1130 1589 qui
1150 1491 1284 1565 benefr-
1326 1582 1329 1587 .

230 1616 327 1689 cium
343 1616 452 1689 alicui
469 1616 679 1698 contulerit,
699 1596 730 1690 is
745 1618 861 1714 magis
876 1617 1016 1691 amicus
1031 1617 1225 1714 accipienti
1236 1617 1284 1690 sit
1337 1593 1353 1619 s

231 1765 341 1838 quam
358 1740 556 1837 illegratus
573 1766 659 1837 erga
672 1766 756 1815 eum
768 1743 832 1839 qui
849 1743 1060 1816 contulerit.
1078 1741 1189 1838 Cujus
1203 1742 1285 1815 inae·

230 1866 433 1963 qualitatis,
445 1890 522 1963 quac
535 1878 646 1954 Ξσὲτητκ
657 1868 925 1965 praeponderat,
937 1867 1198 1966 causaoptima
1211 1874 1278 1940 est.

277 1990 454 2074 Existere‚
470 1990 507 2063 id
522 1989 630 2064 nobis
641 1991 989 2089 praestantissimum
1005 1996 1073 2064 est.
1084 1992 1172 2063 Tota
1183 1990 1281 2063 enim

228 2116 284 2188 vis
304 2120 443 2189 naturae
463 2120 611 2198 nostrae,
636 2121 676 2187 ut
695 2139 806 2211 quam
835 2115 993 2188 maxime
1020 2139 1058 2187 se
1082 2115 1278 2213 expandat,

229 2248 361 2339 sponte
375 2240 543 2313 enititur.
566 2240 716 2323 Cuncta,
735 2263 817 2335 quae
839 2243 962 2313 creata
983 2244 1083 2322 sunt,
1113 2239 1171 2311 vel
1202 2239 1280 2311 ani-

230 2365 370 2438 mantia
384 2366 440 2438 vel
457 2366 568 2438 etiam
584 2365 749 2438 inanima
765 2369 805 2436 ut
820 2365 979 2459 vigeant,
998 2368 1035 2436 et
1054 2363 1278 2444 adolescant,

229 2497 265 2563 et
276 2494 443 2564 crescant
461 2495 548 2563 nata
566 2489 751 2562 videntur.

278 2615 381 2700 Quod
402 2615 432 2688 si
448 2616 495 2688 ad
515 2615 719 2687 humanum
735 2637 851 2709 genus
872 2613 1038 2712 respicis,
1057 2612 1282 2685 animadver-

229 2751 284 2815 tes
306 2741 470 2813 membra
490 2739 654 2838 corporis
674 2739 791 2813 nostri
812 2742 945 2811 natura
960 2738 1012 2810 ita
1027 2738 1226 2811 informata
1240 2761 1282 2809 ac

229 2865 372 2939 munita
387 2864 502 2938 fuisse
517 2871 558 2937 ut
573 2863 736 2935 firmiora
755 2886 797 2934 ac
816 2861 1029 2961 pulchriora
1044 2863 1193 2952 fierent;
1208 2861 1282 2933 ani·

229 3015 328 3075 mum
346 2996 470 3064 autem
482 2995 523 3062 ut
543 2988 735 3062 scientiam
752 2992 789 3061 et
804 2988 977 3060 virtutem
993 2986 1281 3083 felicitatemque

230 3116 346 3211 magis
359 3121 470 3212 atque
484 3108 601 3211 magis
617 3118 809 3212 exoptaret
822 3117 933 3208 atque
948 3111 1145 3184 obtineret.
1161 3110 1280 3197 Quare

229 3264 343 3338 quum
372 3239 591 3314 heneficium
625 3238 735 3312 alicui
770 3242 1006 3336 praestamus,
1030 3241 1070 3309 ut
1108 3235 1139 3309 is
1165 3234 1281 3330 magis

229 3365 362 3437 existat
386 3363 587 3437 efficimus:
610 3362 643 3435 ei
670 3362 812 3459 aliquid
840 3362 1024 3446 addimus,
1047 3385 1067 3433 a
1096 3359 1202 3433 nohis
1218 3360 1279 3432 de-

227 3495 400 3572 tractum,
420 3492 460 3561 ut
475 3487 538 3560 ille
553 3488 712 3586 amplior
726 3489 802 3560 liat.
825 3487 914 3560 Vide
935 3486 1182 3584 sculpterem:
1205 3487 1278 3557 sta·

229 3619 330 3687 tuam
350 3637 372 3685 a
392 3637 430 3686 se
449 3614 572 3685 fretam
593 3613 684 3685 adeo
699 3612 820 3708 diligit
837 3617 877 3684 ut
896 3611 929 3684 ei
946 3609 1059 3683 vitam
1075 3609 1278 3683 communi·

228 3761 310 3812 care
330 3733 595 3836 propriumque
623 3736 805 3835 inspirare
832 3735 1005 3834 spiritum
1035 3733 1280 3830 excogitatae

228 3862 365 3960 cupiat.
394 3861 540 3934 Etenim
572 3860 609 3932 in
643 3883 685 3933 ea
715 3860 824 3950 vivit;
857 3883 923 3957 per
955 3883 1048 3942 eam,
1086 3881 1280 3956 personam

228 4011 333 4061 suam
353 3985 460 4082 quasi
480 3986 652 4084 prolatat.
676 3987 801 4081 Neque
821 3985 930 4057 aliter
944 3988 1060 4079 agunt
1079 3982 1151 4080 ipsi
1163 3986 1280 4079 poetae

228 4113 290 4208 qui
312 4136 379 4185 sua
393 4114 563 4209 poemata
583 4109 818 4207 potissimum
839 4109 938 4181 haud
958 4132 1064 4181 secus
1084 4131 1126 4180 ac
1146 4106 1282 4180 liberos

264 4386 302 4456 (l)
320 4387 381 4441 Etru
398 4385 475 4450 ute,
490 4384 549 4438 tlt.
567 4385 616 4449 tx,
630 4401 688 4455 cup
709 4384 762 4438 Vll.
