3074 5198
716 607 874 670 ..24-

265 739 465 838 pertinent,
504 739 601 814 haud
636 764 742 815 secus
772 764 815 814 ac
841 742 968 837 figure
1001 767 1085 840 quan
1117 769 1139 816 a
1177 743 1316 817 mathc·
1413 762 1416 767 ’

265 849 409 937 matiois
429 864 700 963 concipiuntur,
730 889 810 939 sese
841 866 979 940 habent
996 889 1003 940 :
1023 873 1063 940 ut
1092 868 1190 942 linea
1209 892 1314 967 pura,

264 998 347 1085 quae
375 988 412 1060 in
449 994 570 1062 mente
601 995 798 1085 geometrae
824 990 973 1075 insidet,
1012 991 1075 1064 ubi
1115 993 1152 1064 in
1190 993 1317 1065 tabula

264 1112 491 1196 inscribitur,
527 1115 568 1186 fit
600 1114 739 1212 patula,
776 1115 967 1211 deviaque,
988 1125 1041 1188 >et
1077 1117 1178 1189 omni
1209 1117 1317 1190 modo

266 1228 502 1336 imperfecta;
526 1237 576 1311 ita
589 1244 784 1336 praecepta,
808 1263 923 1336 quum
944 1264 964 1312 e
984 1241 1126 1314 ratione
1147 1241 1184 1312 in
1205 1241 1315 1314 vitam

264 1363 450 1446 decidunt,
474 1369 585 1460 atque
606 1387 650 1435 ex
669 1365 855 1462 conceptis
875 1371 956 1437 acta
976 1366 1082 1448 fiunt,
1105 1365 1180 1437 vim
1215 1365 1316 1439 illam
1404 1401 1407 1406 ·

266 1489 563 1563 mathematicam
586 1489 776 1561 remittant
802 1481 951 1563 necesse
973 1495 1041 1573 est,
1065 1495 1175 1587 atque
1191 1492 1314 1564 multi·

266 1613 378 1710 plices
392 1614 430 1686 in
447 1615 573 1687 modos
593 1616 800 1687 flectantur.
1077 1622 1080 1626 “

314 1740 426 1812 Porro
441 1738 591 1838 propria
610 1763 652 1810 00
672 1761 785 1836 prope
801 1738 999 1837 singularis
1010 1739 1217 1814 Aristotelis
1236 1741 1317 1814 laus

266 1869 333 1945 est,
357 1869 537 1960 quantum
557 1862 750 1946 distarent,
773 1887 856 1959 quae
877 1864 992 1936 menti
1021 1864 1240 1962 placuerint,
1270 1866 1316 1938 ab

265 1987 311 2060 iis
343 2011 426 2084 quae
463 1987 557 2060 effici
584 1992 754 2085 possent,
795 1987 1007 2060 acutissimo
1041 1988 1313 2086 dijudicavisse.

267 2112 460 2209 Quumque
498 2089 665 2210 plerique
699 2110 924 2210 philosophi,
949 2111 1011 2184 alii
1046 2113 1208 2198 ratione,
1238 2115 1317 2188 sola

266 2237 327 2309 alii
339 2237 417 2310 sola
432 2236 658 2334 experientia
669 2236 845 2309 libentius
862 2236 917 2308 usi
930 2235 1080 2318 luerint,
1095 2237 1158 2310 ille
1168 2238 1316 2336 utrique

266 2364 404 2461 pariter
418 2361 586 2443 indulsit,
605 2384 672 2434 nec
692 2360 833 2433 minore
849 2359 971 2434 studio
986 2361 1172 2458 perspexit
1187 2363 1316 2458 quales

266 2512 324 2559 res
338 2510 418 2559 esse
439 2491 601 2584 possent,
625 2508 736 2580 quarn
757 2485 886 2580 quales
905 2509 985 2558 esse
1000 2485 1190 2564 deberent.

314 2611 453 2707 ltaque,
476 2610 514 2681 in
535 2611 604 2682 hoc
623 2609 773 2706 quidem
794 2609 901 2704 longe
921 2633 942 2681 0
962 2610 1114 2682 ΡΙο0000
1138 2611 1315 2706 magistro

265 2735 493 2832 discrepans,
541 2758 654 2830 quum
700 2732 971 2831 metaphysicas
1005 2733 1104 2828 leges
1146 2735 1315 2809 absolute

264 2859 477 2933 deduxisset
515 2880 713 2953 rerumque
754 2862 940 2944 naturam,
989 2858 1124 2931 rationi
1170 2860 1312 2933 consor-

265 2990 401 3057 matam
421 3007 463 3056 ae
492 2983 663 3082 pert'octe·
682 2980 920 3055 constitutam
949 2983 1211 3080 perspexisset,
1234 2988 1313 3056 turn

261 3082 320 3182 ad¹
347 3109 545 3195 humanam
584 3105 831 3180 conditionem
870 3129 1080 3190 conversus,
1118 3107 1312 3181 infirmita·

262 3239 411 3329 temque
441 3231 652 3304 mortalium
673 3234 856 3329 spectans,
892 3230 1074 3327 quidquid
1108 3233 1313 3307 restrictius

263 3357 509 3456 precepisset,
533 3354 567 3427 id
593 3358 886 3453 temperamento
906 3354 1067 3450 quodam
1088 3355 1257 3452 mitigare
1272 3381 1314 3430 00

264 3481 406 3554 mollire
440 3479 593 3561 curavit,
639 3501 712 3574 quo
750 3478 960 3575 promptius
999 3478 1191 3553 hominurn
1228 3481 1313 3554 vita

260 3604 612 3679 accommodaretur.

308 3728 427 3814 Quare
454 3727 653 3824 perfectam
680 3724 853 3798 amicitiae
874 3727 1034 3824 speeiem
1068 3728 1231 3812 intuens,
1267 3731 1312 3802 ad

259 3843 516 3927 humaniorem
536 3873 699 3924 amorem
720 3849 765 3922 de
780 3872 881 3924 more
900 3850 1012 3924 venit.

215 4008 230 4131 p
303 3977 367 4050 Est
382 3975 540 4085 enimin
560 3974 734 4057 amicitia,
758 3980 799 4047 ut
832 3974 1034 4057 moetoris,
1065 3975 1195 4056 modus
1223 3979 1312 4074 qui-

219 4123 234 4199 0
257 4102 341 4174 dam
361 4099 581 4181 eommunis,
604 4121 715 4196 quem
735 4097 829 4172 ratio
845 4122 939 4196 pura
957 4100 1182 4175 constituere
1209 4103 1309 4175 dedi·

256 4229 403 4320 gnatur,
440 4222 578 4320 quique
617 4246 685 4295 usu
719 4244 760 4293 ac
788 4221 1015 4320 experientia
1049 4224 1157 4297 modo
1189 4226 1309 4299 deter-

256 4347 390 4423 minari
408 4351 541 4450 potest.
561 4344 718 4428 Scilicet,
737 4343 898 4419 nobisad
914 4345 998 4420 vitae
1006 4348 1311 4426 consuetudinem
1394 4356 1397 4360 ’
