3074 5198
691 587 851 646 „40-

293 721 359 794 Hie
372 720 589 794 Aristoteles
612 719 731 793 audax
760 719 872 792 simul
905 744 949 792 ae
977 718 1164 815 egregium
1191 742 1298 814 argu-

244 849 410 919 mentum
430 844 631 944 pmtulisse
652 843 760 917 nobis
779 843 938 917 videtur.
962 843 1104 943 Quippe
1128 843 1192 940 qui
1212 866 1296 941 pru-

242 972 363 1045 fessus
388 971 501 1044 fuerit
528 969 726 1066 quemdam
754 968 911 1042 existere
930 992 1093 1042 amorem
1115 967 1193 1058 sui,
1215 967 1296 1066 pul-

243 1095 436 1169 cherrimis
462 1095 662 1168 virtutibus
688 1117 762 1167 non
793 1093 985 1192 imparem,
1012 1094 1110 1167 hune
1127 1091 1298 1166 videlieet

242 1243 460 1316 generosum
486 1243 528 1292 ae
555 1218 758 1314 gratuitum
787 1242 951 1291 amorem
978 1218 1043 1314 qui
1063 1219 1101 1291 in
1120 1217 1190 1290 viri
1210 1217 1296 1290 boni

225 1368 306 1431 ‘Seu
327 1356 475 1417 sportulae
494 1344 617 1416 animo
633 1343 770 1417 inslllel
783 1343 845 1438 (l).

292 1470 379 1543 lnde
407 1469 667 1542 constituenda
691 1472 779 1541 suut
807 1468 880 1540 duo
906 1467 1043 1541 amoris
1063 1467 1119 1541 sui
1146 1490 1293 1563 genera,

242 1616 324 1690 quae
344 1593 441 1666 inter
454 1616 493 1666 se
513 1592 664 1667 omnino
680 1596 901 1689 repugnant.
919 1593 989 1674 Per
1010 1591 1182 1674 alterurn,
1198 1591 1296 1688 quod

241 1715 481 1790 deterrimum
511 1721 579 1799 est,
612 1715 754 1790 lubrica
781 1716 949 1812 falsaque
973 1715 1071 1788 bona
1107 1714 1296 1812 diligimus

241 1845 354 1937 utque
369 1841 415 1914 ad
427 1842 702 1923 noseonfluant,
719 1840 907 1914 destitutis
920 1839 1187 1938 apossessione
1197 1839 1294 1922 aliis,

241 1964 429 2048 enitimur,
449 1970 619 2038 caventes
640 1988 685 2038 ne
705 1965 789 2061 quis
810 1965 847 2037 in
869 1970 1013 2062 partem
1032 1963 1157 2038 veniat
1177 1987 1297 2062 neque

240 2112 465 2186 quemquam
486 2089 523 2161 in
544 2113 655 2188 opum
676 2089 851 2162 societate
866 2112 946 2162 esse
963 2089 1083 2186 passi;
1101 2089 1201 2186 quod
1220 2088 1298 2186 qui·

239 2215 336 2297 dem,
355 2238 429 2288 uun
444 2215 580 2288 ratione
596 2215 716 2287 solum
733 2215 796 2287 sed
813 2214 925 2286 etiam
940 2214 1101 2311 opinione
1116 2213 1297 2313 improba·

240 2344 333 2422 tum,
356 2338 487 2411 vitium
508 2343 564 2412 est
584 2362 712 2412 eorum
727 2337 792 2435 qui
812 2350 938 2430 φίλαυτοι
957 2342 1147 2412 vocantur.

287 2463 356 2536 Per
383 2464 541 2536 alterum
569 2467 708 2546 autem,
731 2463 829 2559 quod
863 2462 1212 2561 praestantissimum
1238 2463 1297 2536 lra-

241 2586 404 2659 bendum
418 2592 486 2669 est,
499 2587 718 2660 hantunam
730 2587 848 2660 nostri
860 2591 1003 2685 partem
1018 2610 1101 2683 quae
1116 2587 1214 2661 hena
1225 2593 1293 2670 est,

240 2733 407 2784 amamus
427 2733 433 2784 :
453 2734 526 2783 mm
547 2734 614 2783 nos
638 2711 702 2784 sed
723 2710 897 2784 virtutem
918 2735 1001 2808 quae
1023 2711 1060 2783 in
1081 2711 1189 2786 nubis
1214 2735 1294 2785 vor-

239 2837 354 2918 satur,
377 2833 530 2907 caritate
545 2859 640 2932 pura
654 2859 697 2907 ae
712 2835 876 2930 gratuita
894 2835 1167 2934 amplectimur.

287 2959 409 3032 Placet
424 2959 523 3032 enim
535 2949 738 3042 Aristeteli,
757 2984 837 3051 nos,
855 2984 972 3056 quum
987 2960 1074 3034 boni
1089 2961 1292 3044 evadimus,

239 3082 393 3156 rationis
407 3082 553 3166 divinae,
568 3082 604 3156 id
618 3088 675 3156 est
689 3105 737 3156 «uu
750 3107 831 3158 esse
841 3083 1053 3183 participes,
1065 3090 1177 3183 atque
1188 3110 1295 3161 omne

237 3207 376 3280 honum
405 3206 441 3278 in
473 3207 580 3280 nohis
611 3206 765 3281 insitum
795 3208 842 3281 ab
866 3232 908 3282 ea
938 3209 1080 3284 ratione
1107 3233 1291 3284 emanare.
1372 3270 1376 3277 ,

238 3330 358 3416 Quum
380 3331 462 3404 ideo
482 3332 671 3405 virbonus
687 3356 726 3404 se
746 3337 857 3416 amat,
877 3357 950 3406 non
970 3334 1157 3409 huminem
1173 3359 1296 3432 quem-

238 3454 323 3527 dam
350 3460 449 3527 amat
467 3446 737 3553 ¹imperfectum
758 3461 870 3554 atque
899 3457 1081 3554 fragilem,
1108 3461 1173 3532 sed
1201 3460 1295 3532 hane

235 3577 323 3651 honi
340 3579 569 3676 rationisque
584 3585 728 3679 partem
755 3581 793 3653 in
810 3605 848 3656 se
867 3588 1050 3656 versatam
1076 3583 1164 3659 colit
1182 3590 1294 3680 atque

233 3701 422 3793 ohservat3
437 3705 537 3800 quod
548 3704 696 3777 demum
713 3704 1016 3780 honestissimum
1032 3712 1101 3781 est.
1112 3709 1216 3790 Tum,
1228 3731 1295 3807 per
1397 3774 1401 3783 .

233 3827 344 3900 talem
361 3826 460 3900 hune
478 3850 628 3900 amorem
645 3830 699 3901 sui
713 3835 864 3904 cunetas
878 3830 989 3903 simul
1004 3830 1125 3927 diligit
1137 3831 1293 3905 virtutes

232 3951 374 4046 quaein
403 3951 516 4036 burm,
539 3958 718 4050 tanquam
754 3954 896 4053 species
928 3955 966 4027 in
998 3979 1146 4052 genere,
1175 3956 1290 4030 eonti-

233 4080 381 4158 nentur,
406 4074 547 4150 seilicet
567 4079 865 4175 temperantiam,
893 4079 1162 4163 fortitudinem,
1182 4080 1290 4177 justi·

265 4346 301 4414 (Ι)
315 4347 379 4412 Ello.
396 4345 472 4413 Nic,
492 4349 553 4409 Lib,
571 4349 621 4414 lX,
638 4365 697 4420 cap,
716 4351 784 4416 Vlll,
801 4350 818 4404 l.
836 4350 878 4409 110.
