3074 5198
724 583 761 592 ..
782 548 822 608 53
844 583 880 593 ..

275 679 517 751 nihilomiuus
542 684 656 752 restat
686 681 833 753 animus
862 681 953 778 ipse,
982 686 1152 778 superest
1184 704 1331 778 persona

234 852 241 913 3
273 802 436 886 demum,
448 803 769 900 doter‘iorquidem
780 809 891 900 atque
907 804 1101 877 honestate
1116 804 1330 887 deturbata,

234 918 245 1001 ⁴.
274 927 338 998 sed
358 927 478 999 adhuc
498 926 615 1000 libera
635 951 702 999 noo
724 927 900 1001 amissam
926 928 1158 1000 honestatem
1179 951 1330 1026 reeupe-

274 1051 399 1123 randae
436 1051 569 1148 impar,
611 1052 817 1149 praesertim
857 1052 886 1122 si
926 1051 1068 1124 amieus
1106 1051 1331 1149 periclitanti

233 1166 236 1229 ²:
272 1173 433 1246 adfuerit
452 1198 473 1246 a
493 1158 567 1271 (ino
587 1174 789 1248 efficienter
821 1175 1072 1272 adjuvaretur.
1108 1176 1208 1247 Tunc
1228 1175 1332 1249 loeus

269 1298 343 1382 orit
365 1298 615 1370 beneficentiae
643 1298 696 1369 illi
725 1322 837 1394 quam
862 1297 1209 1396 praestantissimam
1238 1311 1332 1389 φιλίας

273 1422 428 1494 formam
449 1427 575 1495 nester
590 1422 701 1494 habet
720 1446 908 1519 quamque
922 1432 1083 1513 εὐεργεσίαν
1098 1427 1223 1514 voeat;
1242 1429 1331 1495 tuno

272 1546 435 1619 amicitia
454 1547 572 1619 virtus
592 1546 762 1618 veredici
778 1546 928 1644 poterit,
946 1548 1122 1643 quoniam
1138 1571 1205 1645 per
1225 1547 1332 1619 liber-

271 1673 385 1741 tatem
399 1694 478 1742 seso
498 1671 716 1751 exercuerit,
739 1676 850 1766 atque
869 1671 1047 1745 arctiores
1060 1671 1216 1767 justitiae
1237 1673 1330 1743 fines

272 1817 430 1888 egressa,
454 1795 538 1892 plus
554 1794 696 1868 rtoderit
715 1819 828 1891 quam
852 1796 1047 1894 acceperit.

234 1962 238 1989 f
319 1918 484 2014 Denique
513 1928 709 2016 postquam
743 1919 891 1993 animus
920 1921 1028 1993 amici
1045 1994 1049 2013 ‚
1067 1920 1327 2018 temperantia,

272 2042 501 2124 fortitudine,
511 2043 670 2139 justitia,
688 2045 820 2116 noteris
836 2044 985 2115 demum
1001 2044 1205 2117 virtutibus
1223 2067 1328 2116 vaea-

270 2165 344 2237 veri
351 2170 376 2248 t,
395 2166 635 2264 quamquain
650 2168 774 2239 animo
790 2166 841 2238 ita
856 2166 1003 2238 deserto
1023 2167 1117 2238 nihil
1134 2191 1328 2264 superesse

249 2288 255 2339 ἶ
269 2288 457 2361 Aristoteli
477 2289 776 2386 videreturquod
792 2289 907 2360 amari
924 2294 1063 2386 posset,
1079 2314 1146 2362 nos
1161 2292 1328 2363 animum

253 2413 391 2509 {ipsum
426 2412 655 2507 diligendum
692 2412 923 2495 trahobimus,
960 2412 1100 2486 scilieet
1129 2437 1327 2511 personam

254 2526 397 2635 {virtuti
445 2537 684 2633 superstitem
740 2537 998 2634 conseiamque
1046 2537 1131 2619 sui,
1182 2537 1329 2610 infinita

252 2659 472 2731 tvoluntatis
492 2660 526 2731 vi
550 2661 729 2731 munitam
754 2660 975 2758 infinitoque
1001 2660 1186 2732 libertatis
1210 2661 1329 2757 pretio

243 2760 252 2849 ¹
273 2782 470 2856 valentem.
495 2783 741 2868 Quamobrem
777 2784 924 2858 raritate
949 2799 1182 2882 nostroquae
1209 2808 1330 2856 reeen-

238 2894 343 3013 {tior
366 2909 484 2981 virtus
512 2913 580 2991 est,
612 2908 771 2980 amioum
802 2932 919 3004 usque
957 2909 1258 3006 prosequendum
1293 2915 1329 2980 ot

241 3016 493 3135 1garbitramur
521 3038 558 3105 et
584 3032 831 3130 praecipimus.
861 3056 971 3128 quem
998 3041 1164 3105 veterum
1184 3033 1330 3127 justitie

257 3155 593 3251 ²desmijussmset

485 3357 544 3411 t'idi
560 3375 591 3411 ae
606 3357 721 3430 perlegi,

411 3456 471 3510 Lut.
489 3455 575 3509 Paris
594 3455 620 3508 iu
636 3455 770 3519 Sorbona,

321 3557 352 3606 Α.
369 3552 397 3609 d.
413 3553 477 3606 XIV
490 3552 549 3606 Kal.
564 3554 629 3618 Dee,
645 3569 690 3606 au.
707 3569 891 3618 praecurram,

395 3650 454 3704 Far..
471 3650 564 3704 Litter.
581 3649 608 3704 in
622 3650 705 3704 Acad.
722 3649 808 3704 Paris.
826 3649 953 3714 decanus,

571 3749 601 3801 u.
618 3746 780 3803 wauton,

978 3818 1060 3890 Typis
1076 3818 1235 3871 nramtetnr:

873 3915 1026 3970 Academiae
1039 3915 1173 3986 pariensis
1189 3921 1287 3969 motor.

1028 4000 1180 4068 urrann.

429 4323 518 4373 Naner.
531 4343 554 4349 —
567 4321 626 4370 trop.
639 4320 696 4361 Paul
705 4319 870 4370 Sannorum-rr,
881 4329 925 4360 rue
934 4320 1099 4370 saint-Dizier,
1109 4322 1143 4361 51.
