3074 5198
689 626 729 638 „„
749 593 786 653 57
809 629 848 638 .-

238 726 442 798 amioorum
463 726 500 797 in
521 727 638 798 altero
657 731 852 825 pereeptae‚
883 751 950 824 pro
971 734 1051 799 rata
1076 737 1194 826 parte,
1217 753 1295 803 res·
1349 700 1357 820 3

240 851 422 946 pondere3
463 856 542 923 tum
584 874 650 948 per
684 865 809 938 ισέτητος
848 852 967 947 legem
1001 852 1148 924 definiri
1184 857 1296 950 atque

239 973 391 1045 omnino
411 972 601 1072 explanari
617 978 744 1072 posset
761 997 770 1067 3
788 974 960 1047 amioitiae
977 999 1061 1048 vero
1081 1000 1155 1048 non
1176 976 1295 1050 solum

239 1097 487 1193 intellig-entia
506 1099 570 1171 sed
600 1098 712 1171 etiam
733 1105 812 1171 tum
844 1099 961 1172 libera
990 1099 1193 1188 voluntate,
1216 1105 1294 1172 tum

238 1221 397 1319 pectoris
412 1221 604 1295 affectione
624 1222 878 1307 stabiliendae,
897 1247 941 1296 ea
961 1237 1086 1309 ισότητος
1106 1223 1200 1296 ratio
1220 1248 1294 1298 non
1340 1212 1348 1293 ἐ
1455 1220 1459 1229 ’

238 1345 387 1418 suffieit.

285 1468 388 1554 Quod
404 1469 435 1541 si
456 1492 528 1542 non
544 1471 591 1542 ad
621 1469 736 1543 solam
771 1470 966 1553 rationem,
999 1496 1083 1568 quae
1112 1472 1290 1545 virtutum

237 1592 488 1688 equalitatem
504 1592 556 1686 aab·
571 1593 700 1666 amicis
720 1594 855 1689 exigat,
880 1595 945 1667 sed
973 1595 1085 1668 etiam
1116 1597 1162 1669 ad
1178 1596 1289 1669 liber-

235 1716 644 1814 tatommspexerimus,
659 1741 771 1813 quam
783 1741 897 1815 penes
914 1723 982 1800 est,
1001 1719 1117 1792 invita
1132 1721 1289 1804 ratione,

235 1839 526 1935 inaequalitatem
556 1841 646 1938 pati,
670 1840 856 1913 constabit
883 1842 976 1915 duos
1006 1843 1190 1927 homines,
1221 1846 1290 1919 etsi

237 1965 364 2061 iniqua
379 1955 558 2037 virtutum
580 1988 727 2038 summa
747 1965 940 2063 praeditos³
976 1973 1099 2040 tamen
1133 1969 1291 2042 altorum

235 2088 340 2160 alteri
356 2112 462 2185 aequa
491 2088 644 2161 caritate
679 2089 852 2186 conjungi
889 2114 1011 2186 posse.
1048 2093 1185 2190 Nempe
1224 2094 1288 2189 qui

235 2212 513 2309 semetipsum,
550 2212 672 2308 qualis
705 2214 765 2296 sit,
806 2229 913 2287 torum
946 2216 1064 2288 amico
1084 2239 1152 2289 suo
1171 2217 1285 2300 dedit,

235 2338 266 2410 is
294 2362 428 2412 munus
462 2362 574 2436 quam
613 2340 796 2438 optimum
835 2347 1000 2438 praestat,
1027 2343 1173 2416 etiamsi
1206 2344 1287 2441 ipso

235 2460 365 2535 melior
398 2463 529 2536 evadat
548 2463 689 2537 amicus
718 2465 782 2560 qui
810 2488 946 2537 munus
975 2467 1170 2563 acceperit.
1194 2466 1288 2552 Quid

234 2585 331 2658 enim
352 2585 525 2685 amplius,
549 2587 640 2683 quid
659 2587 872 2685 pretiosius,
901 2588 991 2684 quid
1011 2590 1154 2684 gratius
1176 2614 1288 2686 quam

233 2709 290 2782 sui
319 2709 437 2807 ipsius
457 2711 595 2784 donum
629 2711 793 2808 praebere
821 2717 977 2809 posset‘?
996 2715 1075 2785 Non
1094 2713 1184 2787 ‘doni
1204 2738 1287 2812 pre-

233 2833 339 2916 tium,
362 2833 426 2906 sed
442 2834 606 2907 donandi
625 2834 796 2907 voluntas
829 2834 998 2908 beneficii
1027 2836 1101 2908 vim
1122 2837 1232 2910 efficit
1248 2863 1290 2910 ao

233 2954 401 3030 metitur.
428 2956 681 3030 Profitendum
701 2957 783 3031 ideo
803 2964 872 3040 est,
902 2958 1155 3054 aequalitatem
1185 2960 1287 3033 illam

233 3079 280 3152 ab
295 3079 491 3154 Aristotele
507 3080 708 3179 expetitam
723 3081 802 3154 fieri
820 3106 893 3155 non
909 3105 1030 3180 posse,
1045 3082 1116 3155 nisi
1133 3086 1289 3180 uterque

233 3228 278 3275 ex
293 3203 421 3278 amieis
436 3204 594 3278 alterum
611 3209 689 3279 toto
708 3205 833 3279 animo
853 3230 895 3279 ao
914 3211 1079 3301 gratuita
1098 3206 1290 3304 litteraque

233 3306 385 3400 caritate
400 3327 543 3424 diligat,
569 3353 792 3427 personaque
811 3354 887 3403 suae
907 3354 1043 3404 munus
1064 3331 1158 3405 alter
1181 3333 1288 3405 alteri

233 3451 425 3548 largiatur.
449 3455 575 3551 Neque
596 3455 702 3528 nobis
734 3455 939 3528 absurdum
958 3456 1106 3529 videtur
1126 3457 1157 3530 si
1179 3457 1287 3530 homo

233 3577 328 3650 alter
365 3576 472 3650 alteri
509 3602 664 3676 persone-
688 3603 764 3652 suae
793 3603 928 3654 munus
963 3580 1138 3676 largitum
1169 3605 1288 3679 neque

232 3705 351 3796 magis
396 3701 599 3775 absurdum
638 3702 667 3775 si
708 3703 818 3776 homo
862 3703 1100 3802 imperfectus
1147 3704 1288 3778 finitus·

233 3848 305 3921 que
337 3824 384 3897 ab
413 3825 558 3898 infinito
595 3826 833 3924 perfectoque
871 3827 940 3900 deo
979 3834 1149 3901 ametur:
1188 3830 1286 3926 quod

229 3970 312 4020 oum
343 3948 550 4022 Aristotelis
577 3949 752 4049 opinione
783 3951 934 4023 omnino
969 3956 1163 4049 repugnat.
1196 3952 1285 4036 lmo,

234 4072 499 4172 philosophum
538 4079 707 4147 nostrum
744 4074 792 4147 ad
827 4073 1076 4148 deserendum
1109 4076 1283 4159 amioum,
1323 4131 1333 4191 ἶ

232 4196 296 4292 qui
326 4202 490 4272 mutatus
517 4197 600 4282 orit,
631 4198 742 4272 nimis
764 4204 979 4298 promptum
1006 4200 1284 4298 judicabimus;

227 4323 367 4420 Nempe
395 4328 592 4420 postquam
619 4324 737 4397 virtus
757 4349 801 4399 ex
821 4325 945 4398 animo
979 4326 1073 4400 forte
1102 4326 1285 4422 effugerit,

1061 4460 1077 4516 ὅ

1325 4194 1334 4255 3

1329 4256 1336 4287 i

1330 4298 1337 4333 r

1332 4338 1343 4403 i

1339 4403 1345 4435 r
