3074 5198
675 599 833 659 ..51-

227 730 346 804 solum
366 732 544 804 mundum
566 754 639 805 non
664 736 763 803 amat
783 732 847 804 sed
876 730 986 803 etiam
1016 731 1144 803 mundi
1180 732 1274 805 noti·

226 854 315 928 tiam
333 855 546 938 nonhabet,
566 853 617 928 ita
646 855 793 953 sapiens
813 854 1177 958 peripateticusuhi
1194 878 1275 929 sese

226 981 299 1052 Deo
320 977 479 1051 similem
499 978 672 1062 effecerit,
691 979 729 1050 in
750 979 890 1076 optimo
919 1003 1043 1053 amore
1062 983 1175 1077 atque
1198 980 1276 1052 sola

228 1103 284 1175 sui
301 1103 612 1202 contemplatione
642 1109 864 1186 contractus,
888 1103 1032 1176 nullum
1052 1127 1134 1176 cum
1158 1103 1274 1176 homi·

228 1226 337 1300 nibus
368 1228 627 1300 commercium
665 1228 759 1300 inire
793 1228 948 1310 curabit,
987 1234 1099 1323 atque
1127 1227 1276 1300 demum

227 1351 363 1424 amicos
383 1350 545 1424 dimittet
557 1354 624 1468 (l).
638 1352 764 1448 Itaque
779 1351 954 1433 amicitia,
973 1375 1055 1447 quae
1074 1351 1275 1424 secundum

227 1475 460 1548 Aristotelem
476 1475 593 1548 virtus
606 1475 775 1558 hahetur,
791 1475 990 1549 virtutibus
1007 1499 1080 1548 non
1095 1491 1278 1567 θεωρητικαῖς

228 1600 291 1670 sed
310 1613 421 1686 ηοιιιιῖς
440 1600 723 1673 annumeranda
746 1603 814 1682 est,
835 1623 954 1696 neque
975 1600 1056 1672 ideo
1072 1600 1276 1697 principem

228 1723 350 1796 locum
370 1728 485 1796 tenet.

276 1847 444 1920 Ceterum
476 1849 710 1921 attendamus
730 1849 929 1946 perfectam
955 1849 1056 1921 illam
1087 1848 1277 1946 sapientiae

228 1972 386 2070 speciem
407 1996 489 2069 quac
520 1978 597 2046 tota
618 1971 655 2044 in
676 1972 986 2071 contemplatione
1006 1977 1175 2045 versatur
1190 1972 1275 2070 plus

227 2095 389 2169 divinam
422 2120 501 2170 esse
534 2119 646 2193 quam
677 2096 875 2169 humanam
914 2096 967 2191 (⁶2)
991 2119 998 2168 :
1021 2096 1076 2167 vir
1097 2095 1161 2192 qui
1182 2096 1276 2168 forte

228 2219 328 2292 illam
358 2220 505 2316 assequi
540 2220 811 2318 poluerit,non
837 2220 914 2317 jam
942 2219 1052 2293 homo
1084 2221 1149 2291 sed
1169 2219 1275 2317 quasi

228 2344 318 2417 deus
335 2343 527 2417 habendus
547 2345 635 2436 erit;
654 2344 852 2441 nullusque
873 2346 946 2416 Deo
966 2343 1138 2417 amicitiae
1157 2344 1273 2426 locus,

229 2473 269 2539 ut
284 2467 329 2540 ah
345 2467 541 2540 Aristotele
561 2467 642 2566 ipso
663 2468 928 2566 supradictum
944 2472 1012 2540 est.
1032 2468 1144 2541 Nobis
1164 2467 1277 2563 igitur

228 2591 384 2674 invicem
406 2591 514 2665 liceat
535 2592 747 2692 philosophi
768 2592 884 2666 nostri
919 2616 1059 2666 morem
1080 2617 1274 2691 usurpare,

228 2740 301 2815 quo
321 2730 436 2810 θεωρίαι
451 2717 649 2799 inflectere,
673 2716 857 2814 rebusque
876 2723 1003 2815 aptare
1023 2718 1152 2800 soleat,
1176 2741 1280 2815 repu-

227 2848 422 2938 temusque
454 2840 654 2913 amicitiam
689 2840 924 2937 potissimum
964 2841 1164 2913 humanam
1197 2865 1277 2915 esse

228 2972 418 3062 totamque
438 2965 476 3037 in
497 2966 660 3037 humana
678 2964 888 3037 conditione
925 2964 1093 3036 contrahi
1113 2964 1247 3037 debere
1266 2988 1287 3038 ε’

228 3096 280 3157 ’ὅσα
299 3091 400 3157 δ’ἐστὶν
421 3091 577 3177 ἀνθρώπινα
595 3095 642 3156 καὶ
662 3090 757 3172 ἀνήκει
776 3094 815 3167 εἰς
834 3092 868 3156 τὰ
885 3098 938 3172 ἤθη
958 3094 1006 3155 καὶ
1024 3094 1110 3172 πάθη.

267 3194 521 3295 ¹Quamobrem
548 3207 765 3281 concludere
785 3208 840 3281 las
878 3212 933 3282 est
969 3208 1159 3282 amicitiam
1197 3233 1278 3281 cum
1336 3194 1343 3219 ¹

227 3337 399 3435 supientia
416 3330 617 3420 conciliari,
640 3337 762 3432 quoad
782 3335 964 3434 sapientia
988 3336 1169 3409 humanos
1195 3360 1276 3409 sen-

230 3485 304 3543 sus,
337 3466 377 3533 ut
397 3460 449 3533 ita
476 3461 609 3544 dicam,
633 3459 816 3542 induerit,
839 3468 951 3556 atquc
989 3461 1086 3533 intra
1109 3460 1280 3533 humanae

193 3661 196 3667 ,
228 3585 449 3659 conditionis
487 3586 579 3658 fines
617 3608 696 3658 sese
728 3585 966 3658 continuerit.
1000 3584 1068 3658 Ubi
1106 3609 1192 3658 vero
1225 3586 1281 3656 vir

230 3709 377 3808 sapiens
406 3708 644 3782 theoreticam
683 3708 796 3781 vitam
824 3709 979 3804 agendo,
1016 3708 1123 3805 quasi
1153 3708 1282 3782 divini·

265 3922 301 3989 (ll
317 3922 381 3976 Eth.
399 3920 474 3984 Nic,
488 3920 546 3976 Lib.
565 3920 681 3990 t'1,mp.
699 3921 725 3985 l,
739 3920 754 3973 8
767 3927 794 3974 el
809 3919 834 3973 a.

266 4012 302 4076 (⁶2)
321 4011 353 4065 ‘O
374 4009 400 4063 δὲ
420 4015 528 4069 τοιοῦτος
551 4006 579 4062 ἄν
599 4009 635 4077 εἴη
660 4010 711 4079 βίος
732 4011 847 4079 κρείττων
869 4010 884 4076 ἦ
906 4007 969 4061 κατ’
989 4006 1126 4079 ἄνθρωπον
1148 4006 1175 4060 οὖ
1199 4008 1245 4079 γὰρ
1267 4030 1282 4079 η

231 4095 356 4170 ἄνθρωπὸς
371 4096 434 4151 ἐστιν
448 4099 513 4152 οὕτω
535 4099 661 4168 βιώσεται,
684 4087 781 4168 ἀλλίᾖ
802 4096 864 4152 θεῖόν
884 4117 906 4150 τι
927 4095 950 4150 ἐν
973 4092 1039 4167 ἀντῷ
1053 4096 1169 4170 ὑπάρχει·
1176 4137 1239 4149 ......
1244 4095 1283 4152 Oi

230 4188 280 4259 χρὴ
304 4187 330 4241 δὲ
354 4187 416 4240 κατὰ
439 4188 494 4246 τοὺς
515 4193 691 4258 παραινοῦντας
714 4182 855 4257 ἀνθρώπινα
877 4198 971 4257 φρονεῖν
995 4182 1123 4256 ἄνθρωπον
1148 4183 1206 4239 ὄντα
1228 4179 1284 4238 ὂυδὲ

230 4276 303 4342 θνητὰ
316 4295 356 4331 τον
372 4275 466 4343 θνητόν,
482 4271 546 4328 ἀλλ’
560 4273 588 4346 ἐφ
596 4273 661 4330 ’ὅσον
676 4274 800 4348 ἐνδέχεται
814 4270 964 4337 &heracliam
980 4277 1019 4330 καὶ
1033 4273 1113 4327 πάντα
1126 4285 1203 4329 ποιεῖν
1221 4276 1282 4344 apo:

231 4362 258 4416 τὸ
271 4367 315 4433 ζῆν
328 4365 390 4419 κατὰ
401 4363 429 4418 τὸ
443 4364 570 4436 κράτιστον
584 4370 632 4418 τῶν
648 4362 671 4418 ἐν
687 4366 762 4434 αὑτῷ.
780 4364 853 4428 (Eth.
870 4363 945 4429 Nic„
961 4363 1019 4417 Lib.
1037 4363 1075 4429 X,
1089 4379 1149 4435 cap.
1165 4361 1235 4433 Vll.)

1339 3320 1346 3382 l'

1341 3385 1345 3422 ι

1324 3697 1338 3769 ἐν

1317 3780 1327 3812 ιι·
