3074 5198
668 603 825 664 ..97-

216 736 414 833 justitiam,
438 736 496 811 oui
513 744 646 812 mutum
668 737 934 812 benevolentia
953 734 1188 835 necessitudo
1207 735 1271 808 ans

215 862 313 958 jecta
333 862 456 936 fuerit.

266 988 435 1060 Ceterum
458 989 574 1072 nulla,
597 989 676 1062 sine
693 991 854 1086 quodam
875 967 1044 1061 amicitiae
1070 993 1270 1070 momento,

218 1113 478 1187 communitas.
502 1112 570 1199 Qui
591 1115 804 1188 societatem
829 1112 1046 1210 quamlibet,
1065 1112 1120 1185 vel
1139 1111 1271 1185 arctio·

219 1260 310 1319 rem,
334 1237 389 1309 vel
405 1237 653 1311 remissiorem
666 1238 865 1322 iniverunt,
874 1238 951 1335 jam
966 1244 1053 1310 sunt
1065 1236 1176 1310 iidem
1192 1236 1271 1308 vin·

218 1362 300 1434 culo
321 1363 480 1459 quodam
501 1364 638 1437 amoris
658 1363 756 1436 inter
775 1387 814 1436 se
834 1341 1001 1458 obligati.
1064 1341 1066 1346 ⁷

265 1487 374 1559 Varia
392 1495 516 1561 autem
532 1512 574 1561 ao
589 1487 783 1586 multiplex
799 1487 1076 1561 communitatis
1089 1486 1196 1560 ratio.

267 1613 404 1711 Nempe
431 1620 516 1686 sunt
534 1613 642 1711 plura
656 1637 738 1709 quae
754 1613 965 1687 communia
983 1612 1156 1686 dicautur
1175 1612 1274 1685 inter

219 1737 290 1810 lrat
276 1742 351 1811 tres
381 1761 494 1834 quam
515 1737 613 1811 inter
640 1746 772 1832 cognat
774 1762 828 1821 os,
848 1738 946 1812 iuter
964 1743 1097 1833 cognat
1099 1761 1140 1810 os
1159 1759 1272 1834 quam

220 1861 316 1935 iuter
343 1863 452 1936 cives.
480 1863 596 1959 igitur
622 1887 771 1937 necesse
797 1869 904 1937 estu
882 1861 1110 1960 jutustitiae
1142 1861 1273 1936 modus

218 1987 460 2061 communitat
463 1987 494 2062 is
446 1989 630 2062 tmodo
655 2012 760 2085 eoquo
790 1988 1024 2087 respoudeat.
1048 1986 1126 2072 Quo
1138 1987 1273 2082 magis

218 2116 320 2185 arcta
334 2112 592 2196 communitas,
616 2137 659 2187 eo
680 2113 796 2208 magis
809 2111 1106 2209 strictajustitia.
1130 2111 1273 2185 Scilicet

219 2235 356 2337 injuria
375 2237 405 2310 si
422 2261 444 2310 a
463 2249 499 2310 te
520 2237 557 2309 in
577 2238 728 2310 fratrem
749 2243 854 2310 tuum
876 2236 978 2309 illata
1001 2236 1125 2318 fuerit,
1156 2235 1272 2308 multo

221 2361 336 2456 magis
369 2369 406 2433 te
443 2384 614 2459 peccasse
646 2361 843 2443 constabit,
885 2383 996 2457 quam
1035 2359 1066 2433 si
1105 2359 1272 2434 eamdem

217 2486 394 2560 adversus
424 2494 489 2559 ant
517 2493 712 2582 cognatum
734 2494 798 2560 aut
817 2487 933 2559 civem
966 2484 1133 2582 quemvis
1153 2484 1272 2557 admi-

217 2608 342 2687 sisses.

266 2735 439 2824 ltalittu
424 2743 593 2808 333333
596 2759 642 2812 33
672 2743 749 2807 um
767 2734 935 2830 Justrtrae
963 2742 1042 2805 tum
1068 2756 1271 2806 commum

217 2859 304 2932 tetis
336 2882 439 2955 aeque
468 2860 665 2958 particeps
702 2857 991 2933 iisdemtetucat
997 2881 1039 2929 33
1068 2855 1210 2952 legibus
1230 2880 1272 2928 ac

217 2984 366 3060 demum
383 2984 445 3082 jus
466 2984 561 3056 idem
584 2990 772 3080 sequatur.

267 3106 370 3194 Quod
380 3115 420 3180 33
431 3107 711 3206 perspiciamus,
729 3106 819 3204 quid
829 3107 878 3179 sit
890 3105 1166 3179 communitatis
1177 3105 1273 3203 prin·

218 3232 353 3330 oipium
371 3256 469 3304 nunc
489 3232 752 3328 indagandum.

264 3358 375 3430 Juxta
404 3358 526 3430 Aristo
528 3357 696 3430 tulissen
702 3356 869 3438 tentiam,
892 3355 1310 3506 onmisoommunitasp

217 3483 263 3554 ad
291 3482 450 3555 civitais
465 3504 664 3576 nnaemem
686 3480 998 3574 miormataes(
1006 3482 1032 3574 )
1052 3479 1274 3577 Respublica

218 3607 300 3679 ideo
312 3606 453 3705 perfect
456 3630 517 3679 um
534 3606 639 3701 quasi
656 3605 842 3703 specimen
860 3604 971 3676 habet
957 3609 1018 3676 tur
1032 3627 1054 3675 a
1069 3627 1142 3700 quo
1158 3604 1271 3677 socie·
1328 3688 1332 3693 .

217 3740 275 3804 tas
291 3731 465 3827 quaelibet
485 3730 664 3825 originem
685 3753 727 3803 ac
744 3729 900 3803 sormam
916 3729 1031 3810 ducit,
1054 3728 1107 3800 ita
1122 3736 1162 3801 33
1181 3752 1203 3801 3
1223 3744 1286 3831 ree⁵¹

219 3855 368 3953 publica
401 3855 553 3937 tanrilla,
586 3877 659 3927 non
694 3858 817 3926 autom
848 3877 870 3925 a
899 3852 1040 3926 familia
1065 3834 1290 3949 respublica}

219 3980 390 4076 pendeat.

266 4105 339 4177 Nos
360 4110 498 4186 contra,
517 4104 616 4200 apud
633 4127 726 4199 quos
742 4102 946 4175 recentiora
966 4100 1088 4174 valent
1108 4099 1275 4173 historia·
1291 4080 1323 4218 3

254 4366 291 4450 (n
306 4380 399 4447 3333,
415 4379 474 4435 333.
490 4381 511 4444 3,
527 4396 587 4453 up.
605 4379 615 4432 3
629 4384 656 4434 u
671 4378 705 4444 33,
718 4385 743 4432 a
757 4377 815 4431 33.
832 4378 953 4448 111,cap.
970 4377 1018 4430 rx.
