3074 5198
676 601 834 660 ...55.,

1272 732 1278 748 .
1321 655 1326 751 l

228 743 283 806 ret
304 736 491 830 quomodo
514 740 730 808 nasceretur
748 733 937 836 amicitia.⁴
964 733 1051 805 Eam
1078 733 1212 806 virtute
1232 734 1280 805 ali

228 865 341 955 atque
365 859 490 953 augeri
511 859 770 949 concedimus;
793 861 891 932 resta
893 863 909 928 t
870 862 1000 931 atau
1002 880 1060 929 em
1085 861 1126 930 ut
1157 857 1279 956 expla-

229 989 293 1055 net
295 1008 339 1055 ur
352 1007 426 1079 quo
441 989 524 1081 pact
526 989 730 1057 coccurrat
744 982 870 1055 amicit
872 981 916 1055 iae
855 981 1145 1056 tinchoandae
1156 1006 1278 1056 causa.
1324 960 1332 1047 l

228 1107 372 1180 Etenim
410 1107 499 1180 siin
520 1107 637 1180 amico
673 1107 796 1180 bonum
826 1106 932 1178 unice
964 1107 1177 1201 diligerem,
1200 1130 1282 1202 quae
1328 1034 1335 1213 3

228 1255 339 1304 causa
358 1237 456 1304 osset
475 1256 540 1304 cur
560 1237 712 1304 cunctos
734 1230 833 1304 viros
860 1231 977 1304 bonos
999 1254 1105 1326 aequa
1130 1231 1261 1304 caritat

147 1394 151 1405 ι
230 1379 302 1428 non
336 1356 495 1453 amplae
497 1361 604 1428 erer
592 1356 712 1438 llmo,
747 1379 813 1454 pro
840 1354 938 1427 virtu
942 1361 1073 1428 tesua
1097 1377 1282 1451 quemque

178 1544 182 1551 ,
229 1503 352 1552 amare
367 1479 551 1562 deberem,
570 1481 706 1552 nedum
722 1479 957 1552 dilectionem
973 1501 1091 1552 meam
1108 1479 1145 1550 in
1167 1502 1281 1551 unum
1320 1480 1326 1589 3

231 1605 361 1686 virum,
385 1627 479 1676 ame
500 1608 631 1701 sponte
652 1603 843 1686 selectum,
860 1602 1129 1676 contraherem.
1321 1594 1325 1704 3

277 1728 366 1799 Tum
396 1727 570 1810 amicitia,
603 1727 794 1825 apropria
815 1731 947 1799 natura
973 1727 1162 1809 destituta,
1191 1727 1280 1800 reci·
1320 1738 1324 1830 3

231 1853 334 1924 deret
354 1851 391 1923 iu
413 1851 508 1924 hanc
529 1851 736 1924 universam
765 1851 995 1924 affectionem
1017 1874 1128 1948 quam
1152 1852 1280 1925 curt'tu·
1315 1856 1321 1965 3'

231 1989 297 2048 tem
317 1999 403 2070 erga
417 1997 529 2070 ‘gertus
549 1975 734 2048 damonum
760 1997 947 2058 vocamus
973 1997 1130 2071 quaeque
1151 1975 1282 2049 officiis

231 2099 509 2172 annumeranda
530 2102 597 2171 cst.
1312 2090 1314 2099 ’

280 2222 367 2294 lude
384 2222 641 2295 sustolleretur
659 2245 702 2296 ea
722 2245 808 2320 pars
829 2221 1013 2295 libertatis
1028 2245 1111 2318 quae
1132 2221 1170 2295 in
1191 2222 1280 2294 ami·

232 2345 284 2419 cis
313 2349 445 2443 sponte
476 2346 656 2442 eligendis
683 2354 719 2418 et
746 2347 783 2418 in
813 2369 978 2429 numero,
1006 2346 1141 2430 indole,
1175 2350 1281 2420 aetate

233 2469 434 2542 amicorum
476 2470 523 2542 ad
567 2468 714 2543 libitum
759 2468 1049 2543 determinandis
1098 2471 1278 2544 consistit.

233 2593 351 2678 Quare
370 2594 532 2667 amicitia
548 2618 620 2667 non
635 2594 785 2667 omnino
804 2597 915 2668 uirtus
936 2594 1092 2667 dicenda
1107 2599 1175 2678 est,
1194 2595 1283 2691 quia

234 2717 348 2789 virtus
363 2741 449 2812 erga
468 2741 595 2791 omnes
615 2718 775 2790 exerceri
796 2722 917 2817 potest
938 2723 1050 2814 atque
1066 2719 1188 2801 debet,
1208 2744 1282 2793 non

234 2846 357 2913 autom
377 2842 562 2914 amicitia:
586 2865 810 2936 ergaomnes
830 2841 950 2914 bonus
970 2847 1051 2915 esse
1066 2843 1196 2925 debeo,
1219 2844 1281 2917 ubi

234 2965 335 3040 locus
357 2966 608 3039 benefaciendi
624 2974 735 3063 atque
757 2966 862 3063 copia
890 2965 1097 3058 adfuerint;
1116 2991 1187 3040 non
1204 2992 1281 3041 om·

235 3087 337 3161 nium
353 3089 503 3163 amicus.

283 3214 332 3287 Ut
349 3213 510 3310 aliquem
539 3220 716 3311 tanquam
744 3213 901 3287 amicum
928 3215 1096 3311 diligam,
1134 3238 1283 3290 necesse

156 3416 169 3438 .
236 3346 384 3412 estnon
404 3329 523 3412 solum
546 3362 636 3419 eum,
653 3338 826 3412 omnibus
850 3339 1048 3413 virtutibus
1068 3325 1148 3413 es'se
1174 3364 1282 3413 orna·
1330 3326 1337 3417 ἶ

235 3469 364 3536 tumet
382 3463 535 3558 dignum
560 3462 624 3558 qui
640 3463 723 3559 jure
743 3487 785 3536 ac
811 3463 942 3536 merito
971 3469 1116 3537 ametur
1141 3465 1283 3539 ratione

235 3587 450 3724 percipiam,
473 3587 694 3660 sedetiam
685 3611 722 3659 in
743 3611 782 3660 se
798 3587 932 3661 habea
917 3588 1074 3663 tnescio
1094 3588 1184 3686 quid
1199 3613 1341 3688 pro

236 3734 358 3808 prium
374 3734 461 3808 quo,
484 3734 560 3808 prae
580 3715 636 3782 cet
638 3710 724 3794 eris,
748 3710 1042 3785 benevolentiam
1074 3735 1192 3786 meam
1213 3706 1345 3787 sibi

236 3834 417 3908 conciliet.

262 3962 417 4035 ‘Bonum
441 3960 555 4057 igitur
580 3984 654 4035 non
683 3966 740 4034 est
759 3960 890 4035 ultima
913 3962 1008 4037 ratio
1034 3963 1218 4038 amicitiae.
1241 3965 1286 4039 U

237 4111 445 4162 sermonem
487 4087 831 4160 mathematicorum
874 4111 1116 4186 usurpemus,
1165 4090 1286 4165 bonnm
1344 4090 1352 4191 3
1433 4120 1436 4129 ·

237 4211 408 4285 amicitiae
436 4210 664 4286 conditionem
683 4232 763 4284 esse
793 4206 1033 4300 necessarium,
1069 4237 1141 4286 non
1161 4218 1285 4287 autem

236 4335 465 4434 sufficicatem
480 4332 748 4434 profitebimur.
768 4333 886 4419 Quare
903 4335 986 4408 bono
998 4336 1189 4421 addemus
1207 4341 1285 4413 tum
1334 4376 1336 4381 v

1336 3806 1341 3845 ,

1332 3837 1352 4059 l
