3074 5198
747 640 766 671 Ο

687 669 828 699 -o-

227 781 263 847 et
283 775 440 848 lucidior
459 775 549 847 ordo
569 775 696 847 addita
716 773 868 846 luerint.
891 772 1029 845 Licebit
1045 772 1127 844 idco
1151 772 1287 846 Aristo·

227 899 311 972 telis
333 898 568 987 derlmicitia
587 898 802 996 opinionem
828 897 1121 971 aNicomacheis
1148 893 1287 969 Etaieis

229 1024 348 1098 solum
378 1024 561 1097 deducere
591 1023 792 1120 quoniam,
836 1022 1019 1119 quidquid
1053 1022 1098 1094 de
1132 1021 1288 1094 materia

229 1148 398 1232 senserit,
418 1148 456 1220 id
477 1153 596 1221 totum
618 1148 655 1220 in
677 1149 747 1220 boc
768 1147 863 1219 libro
883 1146 1108 1220 continetur.

277 1273 486 1346 Notandum
527 1279 653 1345 tamen
704 1272 902 1344 discrimen
938 1271 1138 1368 quoddam,
1177 1276 1289 1344 tenue

229 1395 378 1492 quidem
398 1420 440 1469 ac
456 1395 605 1479 subtile,
623 1419 690 1469 nec
706 1373 853 1468 vinculo
873 1395 925 1467 ita
945 1399 1046 1468 arcto
1062 1400 1285 1492 praesentem

157 1547 159 1551 ’
231 1520 277 1593 aid
297 1520 588 1618 disputationem
609 1520 814 1618 pertinens
854 1519 918 1592 sed
938 1544 982 1592 ex
997 1543 1072 1615 quo
1093 1543 1288 1615 argumen-

229 1649 307 1716 tum
331 1644 501 1741 usurpari
529 1637 584 1716 las
617 1644 666 1716 sit
688 1644 784 1716 unde
815 1648 998 1715 tractatus
1020 1648 1146 1716 noster
1165 1649 1287 1716 vetus·

229 1776 304 1841 tate
324 1773 500 1866 praestare
538 1768 827 1840 demonstretur.
869 1768 1013 1840 Etenim
1050 1767 1087 1839 in
1107 1767 1286 1866 posterio-

230 1893 332 1966 ribus
367 1895 420 1987 (l)
456 1892 773 1991 disputationibus
809 1917 881 1965 nou
915 1893 1028 1965 semel
1058 1893 1103 1964 de
1135 1892 1288 1965 caritate

229 2042 315 2114 erga
353 2018 463 2090 deum
499 2017 704 2113 quaeritur3
736 2018 772 2089 in
807 2016 931 2115 priora
970 2042 1056 2090 vero
1090 2017 1193 2090 nulla
1231 2017 1288 2090 dei

230 2142 385 2215 mentio.

279 2267 392 2340 Porro
413 2267 605 2351 nobiscum
637 2272 851 2365 reputemus
884 2266 1102 2340 Eudemium
1137 2267 1286 2364 pietate,

231 2397 271 2463 ut
288 2391 385 2464 fama
406 2397 473 2475 cst,
498 2391 681 2486 insignem
702 2391 815 2470 fuisse
837 2390 989 2488 ejusque
1011 2391 1148 2488 scripta
1178 2391 1291 2463 muni·

231 2515 362 2588 festam
383 2515 573 2611 religionis
589 2516 685 2588 ferre
707 2520 845 2597 notam,
863 2516 915 2588 ita
937 2521 976 2588 ut
991 2515 1053 2588 illa
1076 2516 1120 2587 dc
1136 2515 1289 2588 caritate

232 2665 318 2736 erga
355 2641 465 2713 deum
500 2665 572 2714 non
609 2641 712 2714 nulla
750 2641 862 2714 verba
903 2648 1089 2714 auctorem
1120 2665 1162 2712 ac
1181 2641 1288 2736 quasi

231 2765 506 2860 obsignatorem
522 2765 740 2837 Eudemium
767 2769 964 2837 testentur.

281 2888 468 2985 Quidquid
488 2889 534 2961 de
554 2887 724 2961 Amicitia
743 2887 959 2960 Aristoteles
986 2888 1147 2986 scripsit,
1175 2889 1288 2961 situm

232 3020 287 3086 est
307 3013 507 3111 septimum
523 3012 621 3084 inter
641 3013 777 3085 librum
798 3011 926 3109 inquo
949 3013 994 3084 de
1014 3013 1283 3110 Temperantia,

233 3142 269 3209 et
284 3137 467 3210 decimum
486 3137 732 3233 ultimumque
743 3135 879 3208 librum
895 3137 932 3208 in
949 3160 1022 3232 quo
1035 3137 1080 3208 de
1092 3138 1288 3236 Voluptate

233 3260 396 3344 disserit,
413 3260 726 3358 Politicorumque
742 3261 870 3344 libros,
885 3285 968 3334 mox
985 3262 1069 3334 inde
1081 3269 1285 3345 secuturos,
1379 3311 1381 3314 -

233 3387 411 3485 praefatur
434 3409 441 3460 :
466 3386 590 3470 itaut,
615 3386 667 3459 sic
690 3386 811 3459 medio
850 3387 929 3459 loco
949 3386 1080 3470 locata,
1107 3387 1288 3461 transitus

234 3510 340 3608 quasi
379 3535 422 3583 ao
455 3510 654 3583 confinium
683 3510 856 3583 Moralem
895 3511 992 3583 inter
1023 3535 1066 3583 ac
1098 3511 1288 3585 Politicam

235 3635 428 3709 scientiam
437 3633 608 3707 Amicitia
616 3634 798 3718 videatur,
817 3635 1011 3732 utriusque
1021 3635 1205 3734 particeps
1219 3636 1287 3732 (ἓ).

124 3786 127 3792 ’
234 3761 285 3832 Ex
305 3759 422 3833 altera
436 3759 534 3832 enim
554 3740 897 3858 principium'ducit
915 3782 923 3850 ;
941 3783 1008 3857 per
1021 3761 1176 3832 alteram
1204 3785 1292 3834 vero

236 3884 272 3955 in
294 3907 401 3956 usum
436 3883 580 3982 rapitur
616 3887 728 3980 atque
762 3884 802 3955 lit
834 3882 940 3978 agilis
971 3888 1008 3955 et
1040 3885 1182 3981 cupiam
1218 3909 1292 3981 qua

235 4013 451 4109 exerceatur
471 4006 623 4079 inuenit.

271 4246 386 4316 (l)Mor.
404 4247 490 4312 Eud„
505 4246 563 4300 Lib.
581 4247 638 4313 ΥΠ,
653 4262 712 4316 cap.
730 4247 778 4299 xl.

271 4336 310 4405 (b)
319 4335 443 4408 Λέγονται
457 4334 483 4389 δὲ
499 4336 576 4406 φιλίαι
584 4335 720 4406 seweni-rt.
737 4335 853 4406 ἑταιρική,
864 4336 1002 4400 auruum-rai,
1016 4336 1160 4409 ἣλεγομένη
1172 4339 1294 4405 πολιτική.

237 4425 318 4490 illus.
336 4425 421 4490 Erat,
438 4425 495 4478 Lib.
513 4424 568 4489 ΥΠ,
583 4440 641 4493 cop.
661 4425 707 4492 X.)
