3074 5198
692 615 790 674 —23
813 648 850 660 -

242 738 320 812 nita
349 765 391 814 ac
423 743 585 840 perlecta
619 744 772 819 virtus
763 771 801 818 1u
829 751 903 822 Dee
937 746 1057 823 versat
1061 745 1115 823 urss
1153 752 1293 838 Quibus

240 869 297 938 sat
299 865 330 938 is
350 868 581 965 comprobari
608 869 734 944 vident
719 876 793 956 tur,
816 896 1058 973 quacumque
1084 876 1222 950 Aristet
1169 878 1292 959 ttelis

240 989 406 1087 opinioni
427 1015 540 1090 supra
559 992 853 1091 adjecerimus.

288 1115 391 1187 Nune
408 1119 544 1199 autem,
563 1117 594 1190 si
615 1141 673 1191 res
694 1119 790 1192 iufra
814 1145 881 1196 uus
902 1123 1041 1221 positas
1056 1125 1288 1198 animadver-

241 1239 364 1320 timus,
384 1245 420 1312 et
444 1242 490 1313 ad
510 1241 698 1324 animalia,
730 1245 786 1317 vel
807 1247 852 1318 ad
873 1248 1037 1321 inanima
1055 1249 1288 1347 respicimus,

173 1389 176 1394 ¹
240 1364 299 1437 hic
318 1365 429 1436 etiam
449 1365 578 1437 eadem
607 1367 701 1440 ratic
722 1370 941 1443 servabitur.
973 1374 1110 1471 Nempe
1130 1398 1213 1470 quae
1228 1381 1293 1447 aut

238 1489 361 1562 anime
396 1494 459 1561 aut
488 1490 563 1561 vita
590 1498 729 1574 carent,
766 1493 895 1567 iisdem
932 1496 1012 1594 ipse
1041 1497 1137 1571 factu
1170 1499 1297 1571 deficit·

239 1615 377 1704 virtus;
400 1637 454 1696 ac,
472 1613 665 1688 deficiente
689 1617 837 1703 virtute,
876 1621 1026 1695 minime
1053 1621 1163 1718 digna
1190 1629 1289 1706 sunt,

237 1764 317 1836 quae
338 1740 553 1836 diligantur.
583 1828 586 1833 st

285 1866 372 1951 Quae
387 1892 502 1964 quum
523 1872 575 1944 ita
594 1872 680 1955 sint,
700 1894 773 1943 nun
787 1870 989 1944 absurdum
1005 1876 1061 1944 est
1080 1894 1291 1945 asseverare

236 1990 375 2062 nullam
391 1995 504 2066 Deum
533 1995 630 2069 inter
649 2000 685 2068 et
713 1995 899 2069 hominem
920 1994 1121 2068 amicitiam
1143 1996 1288 2070 institui

234 2138 355 2212 pesse,
388 2118 589 2194 dummodo
610 2117 832 2194 concedatur
857 2119 921 2192 Dei
949 2096 1146 2204 infinitam,
1171 2121 1288 2194 homi·

234 2239 292 2310 nis
307 2245 431 2313 autem
459 2242 600 2316 nullam
616 2268 659 2317 ex
680 2243 954 2342 comparatione
975 2244 1153 2316 exsistere
1172 2245 1287 2317 virtu-

234 2370 320 2450 tem.
358 2364 445 2452 Quae
475 2369 720 2442 ratiocinandi
754 2368 859 2465 copia
886 2368 984 2465 apud
1005 2369 1287 2443 mathematicos

233 2496 380 2563 assueta
394 2515 437 2564 ac
452 2492 553 2566 licita
568 2494 678 2589 viget,
709 2514 824 2592 quum
840 2492 1010 2565 videlicet
1030 2492 1152 2565 radies
1172 2495 1286 2588 gemi-

234 2636 312 2696 nes,
336 2615 525 2689 abeodem
560 2618 680 2691 sidere
701 2618 850 2700 ductus,
887 2618 956 2690 etsi
990 2618 1113 2716 reipsa
1145 2618 1287 2714 obliqui

232 2736 445 2822 divaricant,
480 2741 679 2838 parallelos
707 2752 831 2814 tamen
864 2741 1003 2823 dicunt,
1036 2742 1212 2836 queniam
1238 2743 1284 2814 ab

232 2864 354 2937 orhet
339 2872 522 2940 terrarum
540 2868 700 2941 sidus-iu
664 2867 801 2961 uultum
769 2867 897 2941 t'dist
883 2874 960 2939 tare
982 2867 1093 2939 habet
1078 2872 1151 2939 t.ur

279 2987 429 3061 Constat
416 2989 588 3085 ligitur
620 2999 732 3078 istene
778 2990 871 3061 nihil
913 2989 1014 3063 aliud
1052 3014 1132 3063 esse
1172 2982 1312 3115 quami

230 3115 401 3188 amicitie
421 3139 602 3188 summam
620 3117 700 3215 pari
725 3117 823 3189 virt
825 3117 874 3189 tis
894 3116 1041 3212 quantit
1042 3123 1093 3189 atr
1085 3087 1306 3213 ’adaequa-i

229 3245 318 3314 tam.
338 3241 451 3328 Quam
473 3243 726 3316 definitionem
748 3246 885 3316 rectam
901 3266 943 3315 ae
958 3244 1152 3341 probatam
1170 3244 1280 3317 habe-

229 3365 364 3449 bimus,
387 3368 486 3463 qued
507 3368 553 3439 ad
570 3373 733 3441 extrema
753 3368 827 3439 vim
852 3368 963 3440 habet
978 3374 1090 3464 atque
1110 3368 1283 3441 omnibus

229 3491 397 3564 terminis
413 3492 613 3590 adaptatur
628 3515 670 3565 ae
689 3491 872 3564 convenit.

277 3617 381 3687 Nune
399 3622 537 3699 autem,
561 3640 606 3688 ne
627 3617 664 3688 id
693 3618 739 3689 ad
773 3617 896 3687 vivum
929 3617 1089 3714 amplius
1121 3640 1285 3689 resecare

228 3763 436 3836 pergamus,
477 3746 589 3837 atque
630 3745 670 3813 ut
708 3747 872 3813 nestram
915 3739 1205 3837 disputationem
1240 3742 1286 3816 de

114 3858 117 3863 ’
228 3863 355 3936 stricte
372 3864 677 3937 ratiocinamentc
691 3865 736 3936 ad
752 3864 923 3957 vulgares
939 3863 1024 3936 vitae
1047 3865 1286 3938 necessitates

226 3988 347 4060 delabi
365 3989 564 4087 patiamur,
583 3989 782 4061 videndum
805 4011 975 4085 quaenam
991 3989 1048 4061 lex
1064 3989 1102 4096 ln
1124 3988 1288 4062 amicitia
1339 4040 1343 4067 i

227 4113 426 4196 sauciatur,
463 4093 578 4210 ᾳυύηι
602 4115 774 4186 humanae
805 4113 1007 4185 conditioni
1037 4137 1117 4186 sese
1143 4136 1286 4186 accom—
1335 4134 1341 4219 ξ

227 4236 363 4309 medet.
397 4237 483 4323 Quae
520 4237 619 4310 euim
654 4237 768 4309 menti
803 4259 891 4309 vera
928 4242 1120 4334 apparent,
1160 4239 1287 4310 eadem
1378 4242 1380 4247 ’

226 4360 341 4461 33Ρἰυε
362 4361 456 4434 effissi
477 4361 642 4460 perfecte
663 4366 882 4458 nequeunt:
906 4384 966 4434 res
987 4384 1070 4456 quae
1088 4362 1135 4434 ad
1151 4385 1283 4443 mores
1327 4352 1335 4409 ἓ
