3074 5198
684 610 722 619 ..
744 574 783 636 32
804 609 842 622 ..

234 729 319 778 vcro
356 703 391 778 in
436 706 504 780 hac
540 707 738 780 obscurum
786 713 851 781 ant
885 708 1039 782 dubium
1060 714 1116 782 est
1139 707 1173 782 id
1190 706 1289 808 quod

233 828 401 902 debetur.

282 954 451 1036 Amicitia
484 961 606 1029 antem
636 979 719 1052 quae
751 955 969 1029 amoribus
1007 958 1143 1055 pendet
1180 957 1290 1030 certis

235 1077 535 1176 praescript-isque
580 1078 854 1153 conditionibus
899 1103 972 1152 non
1016 1086 1190 1154 constat:
1226 1080 1290 1153 sed

233 1203 328 1275 alter
361 1203 467 1275 alteri
493 1208 670 1301 tanquam
699 1204 829 1288 amico,
859 1204 1000 1301 aliquid
1040 1205 1152 1278 donat
1179 1206 1290 1302 atque

224 1327 372 1425 'expetit
403 1329 632 1401 tantumdem
663 1335 726 1402 aut
757 1329 840 1427 plus
871 1329 983 1402 etiam
1003 1329 1050 1402 ab
1075 1329 1193 1404 amico
1220 1329 1291 1403 sibi

234 1451 392 1524 restitui.
417 1451 495 1537 Quo
515 1452 553 1523 in
573 1452 745 1525 amicitiae
765 1476 898 1547 genere
916 1452 1101 1526 difficilius
1121 1459 1177 1526 est
1196 1452 1289 1526 deli-

234 1590 303 1648 tum
343 1577 390 1648 ab
427 1580 584 1673 utroque
625 1577 792 1659 definire,
836 1577 1012 1672 quoniam
1057 1577 1141 1675 plus
1179 1601 1290 1673 quam

233 1701 363 1772 datum
384 1698 495 1772 luerit
515 1704 681 1798 repetere
702 1700 905 1773 humanum
926 1707 994 1774 est.
1021 1700 1068 1774 lis
1089 1701 1152 1798 qui
1180 1725 1290 1796 nego--a

232 1823 390 1907 eiantur,
415 1829 454 1896 ut
473 1831 720 1920 assequantur
742 1837 790 1912 τὴν
811 1834 935 1911 {etz-tw,
958 1825 1164 1900 communis
1184 1827 1290 1922 quasi

233 1948 425 2043 modulus,¹
439 1949 595 2046 pecunia
621 1948 791 2021 videlieet
811 1949 849 2019 in
866 1955 1038 2047 promptu
1054 1955 1125 2023 est.

282 2073 391 2145 Sutor
412 2096 544 2170 nempe
572 2079 750 2156 textorve,
777 2074 834 2145 vel
863 2074 958 2146 alius
985 2074 1137 2169 qnidam
1153 2073 1288 2171 opifex,

233 2199 273 2267 ut
306 2219 383 2267 rem
422 2196 594 2270 creditori
629 2196 747 2269 solvat
784 2201 848 2267 aut
885 2197 1045 2294 pretium
1075 2197 1289 2270 insolutum

232 2320 402 2418 accipiat,
440 2344 511 2394 aere
545 2321 675 2393 utitur.
712 2320 844 2406 Quanti
884 2320 1031 2394 valeant
1063 2321 1218 2406 nummi,
1256 2322 1293 2393 id

233 2445 407 2518 erunibus
434 2450 629 2544 pernotum
661 2450 703 2526 et,
723 2469 959 2518 nummorum
989 2445 1068 2543 ipsa
1101 2452 1293 2519 natureae

234 2577 428 2641 usuconst
452 2576 480 2641 t.
960 2563 962 2567 ’

174 2711 176 2715 ’
280 2694 359 2765 Non
387 2692 474 2765 item
496 2694 541 2766 de
560 2692 762 2775 beneficiis,
786 2717 868 2789 quae
888 2716 954 2765 nec
980 2692 1286 2789 significationem

232 2822 382 2901 certam,
406 2818 645 2915 ncepretium
667 2817 903 2890 manifestum
926 2817 1075 2890 liabent.

281 2942 369 3028 Quis
403 2948 527 3016 autem
565 2942 734 3016 beneficii
767 2941 926 3040 pretium
956 2943 1182 3015 constituet?
1208 2943 1289 3016 lsne

236 3067 302 3162 qui
322 3067 463 3150 fecerit,
480 3091 527 3163 an
544 3066 667 3164 potius
683 3066 745 3138 ille
765 3066 829 3161 qui
850 3066 1056 3164 acceperit?

280 3190 433 3264 Etiamsi
454 3191 578 3263 neutri
600 3190 720 3273 liceat,
747 3196 898 3288 propter
913 3190 1112 3264 humanam
1133 3190 1294 3264 imbecil-

233 3316 386 3398 litatem,
416 3315 584 3388 beneficii
606 3315 661 3387 vel
692 3314 837 3398 tributi,
874 3315 931 3388 vel
960 3315 1100 3413 accepti
1132 3315 1292 3414 pretium

232 3464 315 3513 cum
341 3439 513 3514 absoluta
541 3438 716 3535 aequitate
741 3438 965 3522 existimare,
993 3439 1208 3517 Aristotcles
1238 3445 1291 3511 ta·

232 3587 315 3637 meu
337 3564 513 3661 opinatur
532 3562 650 3658 magis
675 3568 963 3636 consentaneum
987 3557 1143 3659 justitiae
1162 3563 1238 3637 fore
1258 3563 1290 3661 si

232 3687 401 3760 beneficii
434 3687 609 3785 pretium,
645 3687 692 3758 ab
726 3686 790 3758 illo
827 3687 890 3782 qui
929 3686 1122 3784 acceperit,
1152 3686 1287 3760 cousti-

231 3818 370 3886 tuatur.
408 3813 480 3885 Nos
515 3813 597 3884 ideo
621 3811 728 3907 jubet
759 3812 996 3906 Protagoram
1025 3811 1291 3909 philosophum

231 3915 407 4009 libentius
435 3935 585 4018 imitari,
622 3935 687 4031 qui
717 3923 873 4007 nnllam
892 3931 1097 4008 mercedem
1118 3938 1293 4007 certama

231 4060 424 4159 discipulis
449 4059 651 4158 repetebat,
681 4059 746 4132 sed
767 4057 909 4156 copiam
937 4059 1070 4156 cuique
1094 4058 1214 4131 faeere
1240 4081 1294 4132 so·

232 4185 331 4259 lebat
380 4185 540 4285 pretinm
573 4182 779 4282 quodlibet,
802 4205 870 4280 pro
887 4181 1110 4255 liberalitate
1126 4181 1290 4283 propria,

233 4308 510 4387 remunerandi.
