3074 5198
676 615 708 626 ,
736 578 773 641 ll
798 614 834 626 ..

227 712 277 787 ita
301 712 433 798 dicam,
470 715 599 788 efficax
636 719 672 787 et
697 737 824 810 agens.
848 712 1093 798 Quamobrem
1118 710 1281 808 philoso-

226 840 324 937 phus
358 843 485 912 noster
516 861 705 912 summum
735 837 908 912 amicitiae
936 837 974 909 10
1005 838 1074 909 hac
1101 820 1284 910 sententia

227 963 368 1062 optime
403 963 609 1037 conclusit:
639 962 732 1035 nihil
766 967 841 1035 tam
872 967 1000 1059 aptum
1033 984 1113 1035 esse
1140 958 1281 1041 amicis,

229 1111 339 1184 quam
365 1111 439 1160 una
469 1087 616 1161 Vlvel'et
649 1096 727 1159 οὐδὲν
769 1094 825 1179 γὰρ
863 1095 951 1169 οὕτως
974 1095 1030 1157 ἐστὶ
1056 1095 1158 1176 ocimu,
1186 1095 1225 1166 ὡς
1255 1093 1286 1155 τὸ
1358 1122 1361 1128 ·

229 1229 311 1304 συζῆν
332 1213 399 1308 (1).

277 1337 436 1433 Superat
453 1339 493 1407 ut
521 1335 684 1408 breviter
704 1334 936 1432 inquiramus
963 1357 1046 1431 quae
1065 1334 1141 1407 sint
1160 1332 1285 1406 eondi-

231 1461 349 1534 tiones
370 1461 407 1533 10
429 1460 568 1556 quihus
589 1459 759 1533 homines
788 1482 1020 1533 communem
1044 1459 1157 1531 vitem
1178 1482 1286 1554 egere

232 1591 384 1682 queant.
409 1585 556 1658 Scilicet
584 1591 624 1658 ut
650 1589 910 1659 removeantur
935 1582 1128 1657 discordiae
1153 1607 1285 1665 causae,

232 1715 378 1807 oportet
400 1715 439 1782 ut
453 1710 498 1782 de
514 1709 719 1782 commodis
735 1732 777 1781 ae
805 1709 850 1781 de
871 1708 1045 1805 jucundis
1065 1707 1153 1780 socii
1178 1707 1288 1804 plane

156 1877 161 1890 ·
233 1833 480 1907 consentiant.

280 1957 427 2031 Atenim
448 1956 557 2029 iiviri
583 1956 670 2029 boni
694 1955 854 2028 habendi
875 1961 962 2029 sunt
993 1956 1129 2052 quibus
1149 1956 1288 2028 bouum

234 2085 345 2178 atque
363 2081 452 2155 utile
465 2086 577 2177 atque
589 2081 793 2178 jucundum
811 2103 925 2152 unum
941 2088 1052 2176 atquc
1068 2080 1164 2152 idem
1181 2079 1291 2152 exsis-

234 2207 293 2291 tit,
311 2186 449 2303 quique
463 2207 636 2279 virtutem
653 2205 768 2279 solam
782 2229 848 2303 per
863 2228 902 2277 se
925 2204 1051 2277 utilem
1068 2209 1291 2302 pergratam·
1308 2266 1310 2268 .

236 2355 308 2429 quc
321 2332 474 2414 ducunt,
495 2330 795 2427 necquidquam,
814 2335 917 2402 extra
931 2330 1118 2412 virtutem,
1135 2352 1292 2401 0000οο-

236 2455 389 2528 dilatem
410 2454 613 2550 gratiamve
634 2455 798 2552 prebere
818 2477 926 2551 posse
946 2452 1159 2550 opinantur.

286 2581 373 2652 lndo
398 2581 440 2651 fit
459 2586 497 2651 01
517 2578 702 2662 viri‘boni,
725 2579 900 2676 quoniam
917 2579 961 2651 de
982 2577 1119 2651 virtute
1139 2576 1290 2650 omnino

238 2704 487 2787 consentiunt,
507 2703 618 2777 simul
635 2703 679 2776 ‹le
695 2702 861 2800 jucundo
880 2727 922 2776 ae
942 2703 987 2775 dc
1008 2702 1102 2786 utili,
1126 2726 1208 2799 qum
1228 2702 1288 2774 de-

240 2852 339 2902 mum
360 2829 396 2900 10
418 2829 554 2902 virtute
570 2827 819 2909 eontinentur,
843 2825 944 2899 nullo
968 2827 1075 2899 modo
1094 2826 1291 2899 dissentire

239 2960 401 3050 queant:
424 2952 487 3061 qui
504 2952 630 3024 eadem
651 2951 696 3025 de
722 2952 832 3036 hono,
856 2950 994 3049 pariter
1018 2951 1144 3023 eadem
1167 2951 1212 3023 de
1232 2973 1288 3022 ee-

241 3077 329 3150 10010
350 3077 562 3150 existiment
582 3099 730 3149 necesse
747 3080 814 3148 ost.

288 3201 433 3274 Nullam
464 3200 576 3296 igitur
605 3200 838 3283 societatem,
865 3223 933 3272 nec
958 3199 1070 3273 ullam
1097 3200 1192 3283 ideo,
1218 3201 1320 3293 nisif

242 3325 339 3427 inter
363 3326 480 3398 bonos
496 3304 703 3397 'amicitiam
731 3347 811 3398 esse
845 3348 964 3423 posse,
992 3348 1075 3397 eum
1097 3225 1323 3448 Aristotelef

242 3451 490 3548 profitendum
512 3455 580 3522 est.
597 3451 649 3522 lte
669 3449 941 3522 conclusionem
967 3449 1128 3522 exsecuti
1149 3473 1289 3535 sumus,

242 3575 431 3672 proposito
454 3598 605 3674 prorsus
626 3582 901 3669 congruentem,
918 3596 1065 3669 quaque
1081 3574 1189 3672 plane
1205 3598 1289 3647 eon·

244 3701 413 3772 llrmatur
440 3698 605 3772 definitio
635 3698 711 3781 illa,
741 3698 890 3770 exordio
916 3699 1186 3796 positaeque
1215 3705 1293 3772 tola

243 3823 446 3921 disputatio
479 3823 564 3896 iude
587 3821 752 3920 prolecta
784 3827 859 3905 est,
897 3821 1066 3896 seilicet:
1093 3822 1293 3896 amicitiam

243 3948 417 4021 virtutem
432 3949 631 4044 quamdam
652 3971 745 4032 esse,
768 3951 833 4020 aut
853 3971 927 4021 rem
946 3971 1027 4020 cum
1044 3948 1178 4020 virtute
1199 3940 1292 4021 sem-

243 4095 307 4171 per
322 4071 573 4169 conjunctam.

277 4347 313 4421 (0
334 4347 396 4402 urla.
413 4345 488 4412 00,
504 4345 561 4402 uu.
580 4345 648 4412 00,
665 4361 724 4418 cup.
746 4345 776 4411 r,
794 4345 810 4400 ι.
828 4345 871 4400 uti.
