3074 5198
698 588 854 650 ..43-

247 721 478 820 ciperentnr;
515 722 675 820 denique
703 721 985 816 intelligentiam
1021 721 1097 794 sive
1135 741 1198 794 aaut
1238 745 1302 820 per

246 869 356 942 quem
394 852 540 920 aeternae
576 847 943 945 deprehenderentur
981 845 1170 920 veritates.
1214 845 1302 931 Quae

247 975 370 1043 autem
390 970 583 1044 facultates
599 994 672 1043 non
688 975 763 1043 tres
783 975 824 1042 nt
839 970 891 1042 ita
919 969 1037 1065 dicam
1054 970 1212 1054 animos,
1237 971 1302 1043 sed

247 1118 361 1167 unum
377 1119 419 1168 ac
433 1095 638 1194 simplicem
658 1095 824 1168 animum
840 1100 1080 1193 componunt.
1099 1094 1244 1168 Etenim
1262 1095 1300 1167 in

247 1219 417 1293 sensibus
446 1235 522 1310 φύσις
546 1218 778 1319 implicatur,
801 1196 913 1318 atque
937 1218 1095 1292 invicem
1126 1219 1164 1292 in
1193 1219 1300 1293 intel·

247 1342 399 1440 figentia
425 1368 568 1429 sensus,
592 1344 644 1417 ita
672 1348 713 1418 ut
733 1344 891 1419 facultas
923 1343 1101 1442 quaelibet
1134 1343 1305 1441 superior

248 1466 459 1542 inferiorern
474 1469 674 1552 contineat,
688 1473 728 1542 ut
748 1468 786 1541 in
802 1468 1001 1564 generibus
1019 1468 1076 1542 vel
1090 1467 1302 1566 plantarum

246 1592 302 1666 vel
339 1591 583 1666 animantium
617 1592 896 1690 perfectissimis
927 1594 1054 1666 infima
1083 1592 1163 1688 jam
1185 1592 1301 1664 conti-

247 1721 395 1790 nentur.

295 1840 399 1914 lllam
432 1841 546 1937 igitur
573 1843 831 1917 continuitatem
851 1845 900 1938 (l)
939 1865 1051 1940 quam
1084 1840 1301 1915 Aristoteles

166 2029 168 2033 ,
245 1971 325 2038 tum
358 1965 397 2038 in
427 1966 565 2050 anime,
606 1967 703 2040 inter
736 1966 944 2050 facultates,
981 1973 1062 2039 tum
1096 1966 1132 2038 in
1170 1969 1303 2038 natura

246 2089 1302 2187 intergeneraanimalium,gignentiuminanimorumque

246 2214 420 2299 instituit,
450 2239 579 2289 rursus
605 2216 776 2289 amicitiae
803 2213 1049 2310 assignavisse
1075 2214 1234 2288 videtur.
1257 2215 1302 2287 Ut

245 2340 410 2412 animum
444 2341 490 2413 ad
527 2340 725 2437 imaginem
753 2344 908 2424 naturae,
940 2340 992 2413 ita
1019 2339 1221 2413 amicitiam
1255 2339 1302 2412 ad

198 2471 207 2556 ξ
246 2464 444 2560 imaginem
469 2467 583 2539 animi
618 2466 843 2539 informavit.
868 2467 994 2562 ltaque
1028 2465 1092 2562 qni
1121 2464 1298 2563 eptimam

207 2570 416 2670 iamicitiae
453 2591 612 2689 speciem
650 2596 840 2664 assecutus
879 2590 1002 2673 fuerit,
1044 2589 1077 2663 ei
1104 2613 1178 2662 nnn
1218 2588 1300 2661 ideo

245 2713 439 2788 inferiores
450 2715 622 2788 deficient
638 2738 646 2790 :
666 2715 740 2788 ime
756 2720 831 2789 teta
847 2715 942 2788 serie
961 2738 983 2787 a
998 2713 1142 2788 fortiori
1159 2713 1303 2812 petitur

245 2844 357 2936 atque
394 2840 605 2926 amationis,
633 2840 899 2914 benevolentiae
932 2838 989 2912 vel
1010 2837 1172 2936 cujusvis
1206 2836 1301 2910 alius

245 2964 416 3038 amicitiae
435 2965 563 3039 formae
582 2989 732 3064 compos
746 2969 814 3049 est,
834 2963 1010 3060 quoniam
1030 2969 1072 3036 ut
1091 2963 1138 3036 ad
1158 2962 1298 3060 perfec-

244 3089 431 3164 tissimum
468 3114 585 3187 genus
623 3091 817 3164 accesserit
854 3113 1004 3164 necesse
1042 3091 1099 3162 est
1136 3086 1300 3184 reliquas

246 3215 399 3313 species
417 3215 525 3313 quasi
540 3216 689 3311 gradus
706 3215 810 3312 prius
830 3213 1021 3288 transierit
1039 3235 1081 3284 ac
1097 3211 1299 3310 perlustra·

246 3338 340 3412 verit
360 3339 427 3435 (⁶2).
1117 3356 1119 3361 ’

296 3463 467 3537 Coutt'ttua
480 3463 841 3559 igituramicitiaest,
857 3463 956 3536 haud
969 3485 1074 3536 secus
1085 3459 1296 3542 acanimus‚

246 3591 310 3660 aut
324 3610 448 3660 rerum
466 3596 609 3672 natura,
625 3594 688 3661 aut
704 3588 815 3661 etiam
831 3589 913 3687 ipsa
927 3586 1138 3686 respublica
1147 3607 1161 3674 ;·
1181 3607 1302 3680 neque

245 3711 386 3811 optima
412 3712 583 3785 habenda
609 3718 665 3785 est
690 3714 737 3787 ab
769 3714 896 3787 infima
926 3713 1076 3788 omnino
1105 3708 1298 3785 dissimilis

245 3842 357 3932 atque
376 3835 524 3910 aliena:¹
547 3836 710 3910 nonalia
729 3843 785 3911 est
804 3861 811 3913 :
836 3837 968 3915 melier
982 3841 1054 3914 est.

295 3961 340 4034 Ut
350 3983 466 4056 genus
479 3963 696 4046 humanum,
714 3965 813 4061 quod
828 3964 961 4038 ceteris
974 3969 1137 4063 prrcstat,
1157 3965 1298 4062 aliquid

283 4182 319 4254 (l)
333 4185 373 4240 De
385 4201 443 4257 peu.
457 4185 562 4251 Attica,
579 4186 637 4240 Lib.
656 4186 724 4253 Vlll,
736 4201 796 4258 cap.
811 4187 832 4242 l.
849 4187 889 4242 De
902 4186 1005 4252 aalma,
1024 4187 1082 4242 Lib.
1100 4188 1134 4255 ll,
1147 4205 1206 4260 cap.
1223 4185 1246 4245 l.

282 4274 319 4343 (f)
334 4275 459 4346 Dtpart.
474 4275 644 4343 animalium,
663 4275 721 4331 Lib.
743 4277 764 4342 l,
788 4293 848 4347 cap.
873 4277 894 4333 Ι.
919 4277 958 4332 Dc
974 4293 1031 4347 pert.
1054 4275 1152 4342 autu,
1175 4277 1233 4333 Lib.
1259 4276 1294 4343 ll,

248 4379 307 4439 cap.
324 4365 372 4420 lll.
390 4364 430 4420 Dc
442 4365 556 4431 aalma„
572 4365 631 4422 Lilt.
645 4366 677 4431 ll,
694 4382 752 4437 cap.
769 4364 800 4420 ll.
